3132 5116
760 367 916 422 ..4-

253 551 366 631 bimns‚
391 549 587 614 inveniemus
611 570 651 614 ex
676 549 800 614 dnobus
824 555 855 614 et
879 550 1010 633 triginta
1033 550 1187 634 exemplis
1204 550 1304 614 solum
1320 550 1352 614 iu
1368 570 1435 615 sex

253 657 442 722 sententiam
467 657 703 721 consecutivam
732 676 802 721 cum
832 657 990 721 sententia
1013 656 1165 740 primaria
1189 658 1288 721 artius
1312 657 1434 722 cohae-

253 785 333 848 rere,
358 763 407 829 El.
425 764 490 828 275
513 761 578 842 ἡδ’
597 763 660 828 ὧδε
684 766 813 842 τλήμων
837 763 922 828 ὥστε
945 771 991 848 τῷ
1015 764 1163 842 μιάστορι
1187 762 1321 840 ξύνεστ’,
1345 763 1434 843 Ἐρι-

254 873 314 937 νὺν
330 869 429 936 οὔτιν’
447 871 677 951 ἐκφοβουμένη.
712 870 763 934 ΑΙ.
782 871 857 940 729.
882 870 939 936 OR
955 871 1030 936 533.
1057 870 1174 935 Trach.
1187 871 1263 954 255,
1288 872 1342 936 ubi
1359 893 1432 937 aor.

254 978 332 1061 ind,
355 978 406 1042 Αἱ.
424 978 478 1043 98.
503 978 619 1043 Trach.
637 977 712 1061 576,
737 978 791 1042 ubi
815 978 873 1042 fut.
897 977 963 1042 iud.
985 984 1100 1042 exstat.
1147 978 1291 1059 Reliquis
1315 999 1371 1043 sex
1396 985 1433 1044 et

255 1086 368 1169 viginti
392 1085 472 1151 locis
495 1085 580 1150 ὥστε
604 1085 762 1170 particula
785 1086 974 1150 sententiam
999 1085 1235 1151 consecutivam
1255 1106 1318 1170 nou
1334 1085 1433 1150 aliter

256 1191 459 1258 antecedenti
483 1192 626 1258 adnectit
650 1214 689 1258 ao
712 1191 863 1256 Latinum
888 1191 1116 1274 ‘quamobrem
1153 1212 1216 1275 qua
1240 1192 1280 1257 de
1305 1197 1431 1276 causm’,

256 1299 360 1364 itaut
384 1300 542 1364 sententia
571 1300 777 1364 consecutiva
806 1304 860 1363 aut
887 1319 1015 1384 prorsus
1045 1298 1155 1363 divelli
1184 1299 1285 1384 possit
1312 1322 1332 1364 a
1359 1321 1433 1364 sen-

256 1407 356 1471 tentia
389 1407 539 1490 primaria
572 1412 627 1470 aut
660 1407 757 1470 etiam
785 1405 934 1489 graviore
962 1405 1217 1490 interpunctione
1247 1405 1432 1486 divellatur.

247 1513 415 1597 'Exempla
430 1518 503 1576 sunt
518 1512 614 1577 haec:
640 1512 694 1578 00
712 1513 753 1577 82
780 1514 918 1592 βέβηκεν,
943 1512 1027 1577 ὥστε
1044 1515 1108 1576 πᾶν
1131 1513 1166 1576 ἐν
1182 1511 1303 1597 ἡσύχῳ,
1319 1513 1432 1592 πάτερ,

257 1620 359 1684 ἔξεστι
383 1624 515 1699 φωνεῖν.
560 1619 733 1684 Praeterea
755 1640 804 1704 pr.
828 1617 894 1683 ind.
919 1612 1079 1684 invenitur
1102 1620 1220 1684 leviore
1249 1619 1431 1704 interpunc-

259 1728 344 1791 tione
366 1727 541 1811 praemissa
557 1726 608 1790 ΑΙ.
621 1725 697 1792 668.
722 1725 839 1791 Trach.
853 1726 904 1801 59,
928 1725 985 1790 fut.
1003 1725 1069 1790 ind.
1087 1726 1152 1792 00.
1165 1726 1241 1792 306.
1265 1727 1315 1791 ΕΙ.
1331 1727 1429 1809 1204,

258 1854 323 1897 aon.
349 1839 414 1917 opt.
440 1853 468 1897 c.
492 1831 532 1896 ἄν
557 1832 611 1898 00
627 1833 703 1913 565,
728 1833 851 1917 imperf.
870 1853 897 1897 c.
922 1832 962 1896 ἄν
986 1832 1040 1898 00
1057 1834 1137 1916 271,
1163 1833 1311 1916 graviore
1334 1833 1430 1897 inter-

258 1941 431 2025 punctione
464 1941 640 2025 praemissa
671 1961 718 2024 pr.
752 1939 817 2004 ind.
852 1939 909 2004 ΟΕ
933 1939 987 2003 65.
1014 1939 1109 2004 1528.
1151 1939 1205 2004 00
1229 1940 1304 2004 573.
1331 1941 1430 2004 1189.

259 2047 376 2112 Trach.
401 2047 477 2111 445.
503 2047 577 2111 705.
602 2047 677 2129 943,
711 2067 777 2111 aor.
802 2046 867 2110 ind.
892 2047 943 2110 ΑΙ.
969 2047 1043 2111 729.
1068 2046 1126 2111 OR
1153 2047 1248 2129 1036,
1280 2047 1337 2110 fut.
1362 2047 1430 2111 ind.

259 2154 317 2219 on
343 2155 416 2219 135.
440 2155 516 2218 411.
541 2153 595 2219 00
622 2155 717 2219 1342.
741 2155 791 2219 ΕΙ.
818 2154 913 2236 1389,
938 2154 1017 2238 peri.
1043 2161 1075 2218 et
1098 2154 1155 2218 fut.
1180 2153 1245 2218 ind.
1270 2154 1352 2218 Phil.
1376 2155 1432 2237 75,

258 2283 305 2345 pr.
330 2267 395 2346 opt.
421 2283 449 2327 c.
473 2261 513 2326 ἄν
538 2262 588 2325 ΑΙ.
616 2263 711 2344 1342,
737 2282 802 2326 aur.
826 2267 892 2347 opt.
918 2282 945 2326 c.
970 2261 1011 2326 ἄν
1034 2261 1085 2326 ΑΙ.
1103 2262 1178 2325 213.
1204 2261 1262 2326 OR
1279 2262 1353 2326 857.
1378 2262 1431 2326 ΕΙ.

259 2369 334 2450 333,
358 2369 469 2453 imper.
493 2390 540 2453 pr.
565 2369 615 2433 ΕΙ.
642 2369 737 2434 1172.

365 2474 537 2559 Euripides
560 2476 662 2540 rarius
690 2496 786 2558 quam
809 2475 986 2559 Sophocles
1014 2474 1125 2540 modos
1153 2476 1327 2560 usurpavit.
1374 2477 1432 2540 At-

260 2603 321 2664 que
344 2602 384 2646 ex
409 2582 533 2648 duobus
556 2589 589 2646 et
612 2576 725 2666 viginti
749 2583 903 2668 exemplis
918 2582 1074 2648 ¹undecim
1097 2588 1219 2648 tantum
1240 2582 1433 2648 sententiam

260 2689 496 2753 consecutivam
521 2710 592 2754 cum
616 2689 825 2754 antecedente
850 2691 949 2754 artius
966 2691 1175 2774 coniungunt:
1200 2711 1247 2774 pr.
1265 2690 1330 2754 ind.
1344 2689 1433 2754 Med.

259 2797 335 2860 569.
360 2795 457 2880 Hipp.
474 2796 550 2860 634.
576 2796 629 2862 Or.
649 2797 744 2877 1114,
778 2796 902 2881 imperf.
928 2796 1046 2861 Troad.
1064 2797 1139 2878 973,
1164 2817 1230 2861 aor.
1255 2796 1320 2860 ind.
1344 2797 1433 2862 Med.

260 2904 313 2968 57.
338 2905 413 2968 372.
438 2903 558 2968 Phoen.
583 2904 659 2967 363.
686 2904 781 2967 1613.
806 2904 855 2967 ΕΙ.
873 2905 948 2968 918.
972 2904 1062 2988 Cycl.
1082 2904 1155 2986 159,
1179 2904 1260 2988 perf.
1285 2902 1350 2968 ind.
1375 2904 1434 2970 Or.

260 3011 318 3091 91,
355 3010 485 3092 reliquis
514 3010 661 3075 undecim
690 3011 770 3076 locis
800 3011 956 3075 sententia
986 3009 1190 3075 consecutiva
1218 3011 1285 3075 sive
1312 3011 1435 3075 leviore

260 3118 327 3182 sive
351 3118 500 3200 graviore
524 3118 778 3202 interpunctione
801 3119 916 3202 posita
930 3138 1058 3203 prorsus
1082 3119 1122 3182 ab
1152 3117 1362 3182 antecedente
1387 3117 1435 3181 di-

260 3225 336 3288 velli
364 3230 479 3308 potest.
526 3224 684 3309 Exempla
713 3231 785 3289 sunt
813 3225 909 3289 haec:
946 3224 1065 3289 leviore
1094 3225 1348 3308 interpunctione
1377 3245 1436 3308 po-

261 3333 339 3395 sita:
369 3353 416 3415 pr.
441 3330 507 3395 ind.
531 3331 626 3395 Herc.
651 3331 673 3395 f.
691 3332 767 3395 289.
791 3331 830 3396 fr.
846 3331 922 3414 499,
948 3353 1013 3396 aor.
1037 3330 1103 3395 ind.
1128 3331 1226 3415 Hipp.
1253 3333 1348 3414 1207,
1373 3332 1434 3396 fut.

262 3438 327 3502 iud.
353 3438 473 3503 Bacch.
498 3439 573 3521 972,
598 3460 664 3503 aor.
689 3444 755 3523 opt.
780 3460 808 3503 c.
833 3439 873 3503 ἄν
898 3438 951 3503 Or.
970 3439 1035 3503 379
1061 3439 1138 3522 [aor.
1156 3446 1221 3523 opt.
1239 3441 1265 3503 Ι.
1282 3439 1320 3502 A.
1337 3439 1435 3522 418]3

261 3547 409 3629 graviore
432 3546 687 3630 interpunctione
710 3547 829 3630 posita:
855 3568 902 3630 pr.
927 3546 991 3611 ind.
1017 3546 1055 3610 fr.
1077 3547 1130 3629 46,
1156 3568 1221 3611 aor.
1246 3546 1311 3611 ind.
1334 3547 1435 3612 Herc.

261 3653 283 3717 f.
301 3652 377 3734 598,
401 3653 481 3737 perf.
506 3653 571 3717 ind.
595 3654 666 3718 Alc.
682 3654 758 3736 404,
783 3675 851 3718 aon.
874 3653 940 3717 ind.
966 3674 993 3718 c.
1018 3652 1058 3718 ἄν
1083 3653 1201 3718 Bacch.
1220 3654 1283 3718 712
1308 3653 1434 3737 [imper.

260 3782 308 3844 pr.
332 3760 382 3824 ΕΙ.
408 3759 496 3843 953].

368 3869 436 3932 Iam
461 3887 659 3950 quaeramus,
686 3866 763 3949 quid
786 3868 910 3932 intersit
932 3869 1015 3933 inter
1037 3866 1202 3932 modorum
1226 3867 1384 3932 finitorum
1401 3875 1437 3932 et

261 3975 408 4039 infinitivi
433 3995 533 4039 usum.
580 3975 628 4039 Ac
651 3975 786 4059 primum
810 3973 938 4056 quidem
963 3974 1024 4039 hoc
1047 3974 1218 4039 tenendum
1242 3980 1290 4039 est
1305 3974 1435 4040 finalem

262 4102 388 4147 sensum
413 4101 538 4167 semper
561 4081 716 4146 infinitivo
740 4081 886 4165 exprimi,
912 4102 962 4146 ex.
987 4103 1015 4146 c.

306 4191 381 4254 Eur.
399 4192 425 4254 I.
442 4189 481 4253 A.
506 4189 592 4253 1604
626 4190 741 4267 πέμπει
754 4188 782 4252 δ’
792 4190 1000 4268 Ἀγαμέμνων
1011 4187 1040 4268 μ’
1055 4189 1140 4254 ὥστε
1157 4205 1210 4254 σοι
1221 4189 1344 4269 φράσαι
1357 4189 1436 4254 τάδε

432 4297 481 4362 ΕΙ.
508 4298 593 4362 1019
627 4297 710 4375 ἡμᾶς
735 4293 763 4360 δ’
788 4295 887 4361 ἔδωκε
910 4296 1101 4377 Τυνδάρεως
1124 4304 1170 4382 τῷ
1194 4303 1243 4382 σῷ
1267 4297 1362 4376 πατρί

626 4404 686 4482 οὐχ
709 4402 794 4468 ὥστε
819 4405 979 4482 θνήσκειν,
1008 4402 1081 4468 οὐδ’
1107 4405 1127 4468 ἃ
1150 4405 1315 4482 γειναίμην
1338 4403 1412 4480 ἐγώ.
