3132 5116
614 388 789 460 245*-

108 585 201 669 διέβη
226 586 259 666 ἐς
285 582 471 666 Μυτιλήνην
495 587 545 651 καὶ
569 585 678 651 έπεισε
702 586 858 666 Λεσβίους
884 585 995 651 δοῦναί
1019 585 1048 651 οἱ
1075 581 1157 665 νέας.
1204 583 1234 651 οἱ
1251 575 1286 651 δέ

108 696 345 775 πληρώσαντες
381 695 464 758 ὀκτὼ
500 696 647 773 τριήρεας
671 695 788 758 ἔπλεον
812 693 876 773 ἅμα
900 693 1036 778 Ἱστιαίῳ
1061 696 1094 772 ἐς
1114 694 1287 761 Βυζάντιον

110 823 242 866 movere
265 823 323 866 nes
346 823 408 866 nen
432 809 547 886 petest,
572 810 606 866 ut
629 801 798 866 discrimen
815 811 992 866 statuamus
1008 802 1089 866 inter
1106 821 1181 884 rem,
1207 822 1289 884 quae

111 931 176 974 nen
201 916 374 974 eonseeuta
402 910 442 974 sit
472 916 503 973 et
531 929 613 990 quae
649 915 820 974 consecuta
855 909 905 990 sit,
942 909 1091 991 quoniam
1124 909 1289 994 permultis
1389 975 1392 981 ,

112 1018 192 1082 lueis
220 1015 376 1081 infinitivo
405 1017 503 1081 etiam
527 1018 702 1100 praemissa
725 1016 883 1100 particula
906 1015 991 1080 ὥστε
1015 1036 1066 1081 res
1090 1015 1288 1100 exprimitur,

115 1145 197 1206 quae
232 1145 266 1188 re
301 1145 378 1189 vera
408 1130 579 1188 eonseeuta
609 1131 657 1188 est
686 1143 737 1187 ex.
763 1144 790 1187 e.
821 1123 928 1207 χρόνῳ
952 1125 988 1186 δὲ
1011 1123 1231 1201 κατεργάσατό
1255 1144 1290 1186 τε

115 1234 165 1295 καὶ
189 1231 340 1295 ἀνέπεισε
365 1231 488 1310 Ξέρξην
514 1233 599 1314 ὥστε
624 1232 743 1294 ποιέειν
767 1234 867 1294 ταῦτα
891 1230 967 1294 Her.
992 1231 1055 1294 VII
1079 1232 1110 1294 fi.
1157 1283 1159 1288 .

223 1337 376 1402 infinitivi
399 1338 502 1402 finalis
526 1344 671 1422 tempera
695 1343 768 1402 sunt
791 1357 942 1420 praesens
966 1344 998 1401 et
1022 1336 1170 1401 anristus.
1217 1337 1292 1401 Per-

118 1446 192 1510 feeti
228 1444 417 1510 infinitivum
452 1467 515 1509 non
543 1446 647 1509 leeum
675 1445 794 1509 habere
829 1451 902 1529 post
925 1445 1024 1510 verba
1049 1444 1207 1509 efficiendi
1230 1451 1291 1508 ete.

118 1558 261 1636 apparet.
309 1555 374 1616 Suo
398 1553 465 1616 iure
489 1560 596 1616 autem
620 1553 747 1636 punitur
763 1559 835 1636 pust
851 1554 936 1616 ὥστε
961 1551 1013 1616 ‘ea
1028 1544 1217 1616 'eerrdieinne
1233 1554 1292 1634 μί’,

118 1660 171 1724 ubi
195 1658 237 1724 de
261 1680 295 1723 re
318 1660 349 1722 in
366 1659 471 1722 futuru
489 1667 631 1743 tempere
648 1664 764 1723 exeete
780 1660 896 1742 agitur,
921 1660 1054 1742 singuiis
1070 1659 1149 1724 loeis
1166 1659 1293 1743 Thuey·

118 1765 224 1831 dideis
248 1772 279 1830 et
303 1766 559 1850 Xenophonteis:

224 1875 274 1936 καὶ
293 1873 412 1951 αὐτοὺς
430 1874 463 1951 ἐς
481 1876 540 1952 τὴν
559 1878 661 1952 νῆσον
679 1874 709 1936 οἱ
726 1875 899 1952 στρατηγοὶ
916 1876 973 1952 τὴν
985 1875 1130 1952 Πτυχίαν
1145 1875 1179 1952 ἐς
1192 1877 1293 1952 φυλα-

118 1982 176 2057 κήν
200 1981 384 2058 διεκόμισαν
403 1981 643 2058 ὑποσπόνδους,
662 1981 751 2059 μέχρι
768 1979 807 2044 οὗ
821 1980 971 2058 Ἀθήναζε
987 1985 1188 2061 πεμφθῶσιν,
1214 1979 1292 2044 ὥστ’

118 2087 175 2149 έάν
199 2086 247 2164 εἷς
272 2109 320 2164 τις
344 2087 412 2170 ἁλῷ
442 2087 698 2165 ἀποδιδράσκων,
735 2086 835 2151 άπασι
872 2088 1023 2152 λελύσθαι
1052 2089 1110 2165 τάς
1139 2088 1295 2164 σπονδάς.

120 2193 324 2273 (Μουουόυιιι
354 2200 460 2257 tamen
490 2201 538 2258 est
567 2195 598 2256 in
628 2193 791 2258 codicibus
815 2194 871 2258 AB
913 2195 1011 2259 verba
1047 2194 1294 2272 ὥστε-σπονδάς

120 2299 254 2381 deesse.)
290 2300 392 2365 Thue.
417 2301 463 2365 IV
486 2301 540 2383 46,
557 2302 588 2364 3.

226 2407 358 2472 Ἔπειτα
382 2409 440 2471 οὐκ
464 2409 504 2471 ἂν
528 2409 636 2487 πρίαιό
660 2430 696 2485 γε
720 2410 912 2488 παμπόλλου
934 2407 1019 2472 ὥστε
1035 2412 1088 2473 σοὶ
1105 2406 1192 2472 ταῦτ’
1211 2409 1292 2487 εἰρῆ-

121 2520 203 2591 σθαι,
237 2517 288 2578 καί
325 2514 562 2594 ἀπαγγελθῆναι
599 2513 673 2594 παρ’
700 2517 718 2599 ᾗ
743 2517 920 2594 εὐδοκιμεῖν
946 2516 1053 2595 βούλει
1079 2517 1137 2580 Ιότι
1161 2516 1295 2593 ἀστεῖος

123 2622 162 2699 εί;
186 2625 269 2687 Xen.
295 2623 368 2708 Oyr.
394 2624 474 2687 VIII
498 2625 530 2705 4,
547 2624 600 2688 23.

230 2729 343 2793 Futuri
367 2730 555 2794 infinitivum
583 2751 646 2795 nnn
675 2731 831 2814 usurpari,
868 2732 991 2795 etiamsi
1025 2730 1065 2795 de
1104 2751 1138 2795 re
1179 2732 1295 2814 agitur,

122 2857 202 2918 quae
227 2839 260 2901 in
284 2843 428 2921 tempere
452 2837 557 2901 future
581 2839 687 2921 positu
709 2845 766 2920 est,
791 2837 866 2902 inde
883 2838 1071 2922 explicatur,
1096 2838 1182 2920 qued
1197 2836 1296 2903 verba

122 2943 278 3008 efficiendi
303 2951 364 3008 ete.
411 2944 482 3028 ipsa
506 2944 537 3007 in
562 2965 596 3008 se
613 2945 710 3008 futuri
725 2946 885 3009 notionem
904 2947 1075 3009 continent.
1115 2946 1297 3010 Praesentis

121 3051 218 3133 igitur
242 3056 274 3115 et
297 3053 407 3116 ueristi
432 3052 605 3116 infinitivus
629 3053 773 3116 sufficere
797 3052 975 3135 videbatur,
1000 3054 1054 3134 qui
1078 3052 1198 3135 aliquid
1216 3053 1297 3116 futu-

122 3179 190 3222 rum
214 3179 284 3223 esse
309 3160 510 3242 exprimeret,
536 3165 631 3241 atque
656 3180 717 3223 nen
738 3160 839 3224 selum
856 3166 928 3243 pest
944 3161 1043 3225 verba
1059 3159 1217 3224 effieiendi
1233 3168 1296 3223 ete.

121 3265 221 3329 velut:
248 3265 349 3344 ἀρχὴν
373 3266 433 3344 γάρ
458 3267 520 3343 ἐγὼ
546 3268 768 3344 μηχανήσομαι
793 3265 878 3329 οὕτω
903 3266 988 3330 ὥστε
1012 3269 1090 3344 μηδὲ
1112 3272 1223 3346 μαθεῖν
1246 3289 1297 3344 μιν

122 3371 283 3451 ὀφθεῖσαν
307 3373 370 3437 ὑπὸ
395 3378 476 3446 σεθ.Ι
497 3375 573 3438 Her.
598 3374 613 3437 Ι
638 3375 668 3438 9.
716 3376 778 3451 ἐγὼ
803 3378 902 3438 ταῦτα
925 3375 1053 3452 ποιήσω
1078 3375 1162 3438 ὥστε
1192 3376 1229 3437 σέ
1247 3376 1297 3437 καὶ

121 3481 178 3543 τὸν
194 3484 295 3543 παῖδα
312 3482 369 3544 τὸν
386 3482 447 3544 σόν
465 3483 562 3558 μηδὲν
587 3482 819 3560 ἐπιμέμφεσθαι
843 3482 919 3545 Her.
937 3482 953 3543 I
972 3482 1044 3544 116.
1081 3483 1138 3545 τὸν
1162 3483 1198 3544 δέ
1222 3482 1298 3559 πρό·
1349 3475 1353 3484 ’

121 3608 216 3665 τερον
240 3588 335 3650 ἐόντα
358 3589 465 3666 ὑμέων
490 3588 652 3665 δεσπότην
675 3589 765 3667 ἡμεῖς
796 3588 1069 3667 παραστησόμεθα
1104 3587 1189 3652 οὕτω
1214 3590 1298 3652 ὥστε

122 3695 174 3758 ἐπὶ
191 3696 355 3772 μηδαμοὺς
373 3695 417 3758 έτι
434 3694 626 3774 ἀνθρώπους
644 3696 743 3759 αὐτὸν
768 3695 1027 3773 στρατεύσασθαι
1051 3695 1127 3759 Her.
1152 3696 1197 3759 IV
1224 3696 1297 3777 136,

122 3800 180 3866 sed
204 3802 301 3866 etiam
325 3803 469 3867 absolute
492 3809 675 3887 usurpatus:
706 3802 820 3881 Πάχης
845 3802 1034 3881 ἀναστήσας
1059 3803 1178 3880 αὐτοὺς
1214 3801 1299 3865 ὥστε

123 3911 163 3988 μὴ
188 3908 336 3987 ἀδικῆσαι
360 3912 558 3974 κατατίθεται
582 3901 615 3988 ές
632 3911 771 3974 Τένεδον
811 3911 913 3975 Thue.
937 3911 988 3974 III
1010 3911 1063 3992 28,
1081 3912 1112 3974 2.
1152 3909 1298 3974 Eundem

123 4036 250 4080 sensum
274 4018 407 4100 praebet
430 4038 493 4082 une
517 4019 587 4082 loeo
615 4018 788 4082 infinitivus
817 4018 928 4081 futuri:
954 4017 972 4081 ὁ
998 4020 1033 4081 δέ
1057 4017 1298 4096 προκαλεσάμε·

124 4147 181 4203 νος
205 4126 239 4202 ές
270 4126 388 4203 λόγους
413 4125 540 4190 Ἱππίαν
570 4128 662 4202 ὥστε,
698 4128 738 4204 ἢν
774 4128 872 4205 μηδέν
907 4116 1047 4204 ἀρέσκον
1083 4126 1167 4209 λέγῃ,
1202 4123 1300 4188 πάλιν

125 4234 223 4297 αὐτόν
259 4236 473 4312 καταστήσειν
509 4235 542 4310 ἐς
572 4235 608 4297 τὸ
637 4238 742 4312 τεῖχος
768 4238 838 4296 σιῖιν
868 4236 918 4297 καὶ
949 4233 1029 4310 ὑγιά,
1063 4233 1163 4310 ὁμέν
1188 4233 1298 4310 ἐξῆλθε

125 4337 199 4417 παρ’
225 4340 334 4403 αὐτόν.
372 4340 473 4404 Thue.
499 4340 549 4403 III
573 4341 626 4422 34,
643 4341 675 4403 3.
734 4341 804 4404 Ηοο
827 4340 973 4404 infinitivi
998 4339 1095 4403 futuri
1120 4339 1299 4422 exemplum

126 4466 196 4510 euin
220 4447 306 4509 nulle
331 4467 439 4510 eurum
463 4448 689 4531 exemplorum,
715 4467 797 4528 quae
815 4447 930 4511 Seume
955 4469 986 4530 p.
1003 4447 1046 4510 ι’)ῑ)
1067 4466 1134 4527 sqq.
1160 4446 1300 4529 eollegit,

1088 4553 1106 4606 4
