3132 5116
635 443 810 502 ..23-

131 611 205 693 sive
237 627 366 711 gravior
395 627 607 712 interpunctio
643 627 813 710 antecedit,
850 627 1038 693 sententiam
1072 627 1307 692 consecutivam

129 755 198 799 non
222 735 357 800 firmiore
382 737 508 801 vinculo
531 736 708 802 sententiae
732 734 933 802 antecedenti
958 735 1105 820 adiungit
1129 755 1222 818 quam
1247 735 1307 799 La-

132 843 238 908 tinum
265 841 425 928 „itaque“.

244 969 293 1032 Ac
321 969 455 1052 primum
491 968 619 1051 quidem
648 969 806 1033 invenitur
841 967 1033 1033 indicativus
1068 967 1222 1033 adverbio
1258 968 1308 1032 vel

32 1159 33 1168 ἵ
131 1075 320 1159 pronomine
345 1074 594 1140 demonstrativo
619 1075 792 1160 praemisso
817 1075 866 1140 his
890 1075 982 1140 Iocis:

245 1203 274 1264 1.
299 1221 403 1284 praes.
420 1199 486 1265 ind.
522 1205 683 1265 cucumim
700 1198 825 1280 δ’ὑμῶν
842 1199 946 1278 οὕτως
964 1201 994 1264 οί
1011 1201 1145 1278 ὑπήκοοι
1162 1201 1199 1264 τὸ
1216 1200 1308 1278 εἰκός,

134 1308 223 1371 ὥστε
246 1306 323 1385 τούς
340 1329 374 1371 τε
395 1310 435 1386 μὴ
452 1309 677 1386 προσήκοντας
694 1310 744 1372 καὶ
762 1307 834 1371 ὅσοι
852 1306 979 1371 ἀποικοι
996 1306 1088 1385 ὄντες
1106 1309 1309 1386 κεχείρωνται

133 1414 171 1492 ἐς
197 1416 234 1478 τὸ
259 1415 338 1479 αὐτὸ
362 1415 517 1490 τιθέασιν;
542 1415 628 1478 796
654 1414 694 1480 cf.
719 1436 750 1498 p.
772 1415 825 1478 51.

243 1541 275 1602 2.
299 1539 422 1623 imperi.
457 1540 595 1618 ἡσυχίαν
619 1539 703 1618 εἶχεν
726 1539 744 1604 ὁ
763 1545 863 1619 δῆμος
880 1541 930 1603 καί
947 1539 1140 1617 κατάπληξιν
1157 1539 1309 1616 τοιαύτην

134 1648 221 1710 ὥστε
257 1647 369 1724 κέρδος
400 1646 418 1710 ὁ
448 1649 489 1725 μή
524 1647 662 1725 πάσχων
690 1669 719 1711 τι
749 1648 861 1726 βίαιον,
898 1647 924 1710 εἰ
953 1648 1003 1710 καὶ
1035 1649 1150 1730 σιγῴη,
1186 1647 1309 1724 ἐνόμιζε

133 1753 215 1816 VIII
239 1753 292 1834 66,
310 1754 340 1817 2.
377 1754 503 1829 ἐγένετο
528 1755 656 1832 σπουδή
680 1758 737 1817 τού
762 1757 845 1818 πλοῡ
871 1753 1011 1830 τοιαύτη,
1035 1734 1120 1817 άίστε
1140 1754 1255 1832 ήσθιόν
1276 1775 1309 1816 τε

135 1858 201 1938 ἅμα
213 1860 404 1938 ἐλαύνοντες
417 1862 467 1923 καὶ
481 1861 510 1924 οί
523 1863 580 1940 μέν
597 1860 702 1925 ὕπνον
714 1864 861 1945 ῂρούντο,
879 1862 908 1924 οί
927 1863 962 1924 δέ
979 1862 1121 1939 ἤλαυνον
1146 1861 1194 1923 ΙΙΙ
1211 1860 1264 1942 49,
1278 1860 1308 1923 3.

236 1985 265 2048 3.
290 2005 355 2048 aor.
378 1984 446 2049 ind.
498 1985 608 2064 ἀπέχει
631 1986 650 2063 ἡ
676 1985 803 2064 Ῥήνεια
831 1991 887 2064 τῆς
917 1987 1029 2064 Δήλου
1060 1985 1164 2063 οὕτως
1189 1985 1308 2061 ὀλίγον,

136 2093 222 2154 ὥστε
245 2092 455 2170 Πολυκράτης
489 2091 622 2170 ἀνέθηκε
657 2099 701 2176 τῷ
738 2089 917 2157 Ἀπόλλωνι
952 2091 1064 2156 ἁλύσει
1094 2093 1197 2170 δήσας
1226 2094 1307 2170 πρὸς

135 2199 196 2275 τὴν
218 2200 331 2276 Δῆλον
354 2200 404 2262 ΙΙΙ
430 2200 503 2281 104,
528 2200 557 2262 2.
594 2199 654 2262 VII
679 2201 732 2281 28,
757 2200 788 2264 3.

243 2306 302 2370 His
326 2307 464 2389 quinque
488 2307 567 2371 Iocis
591 2313 713 2371 tantum
738 2308 896 2373 sentcntia
913 2308 1117 2372 consecutiva
1135 2327 1205 2371 cum
1223 2312 1308 2370 antc-

136 2411 270 2476 cedente
294 2413 392 2477 artius
416 2412 576 2495 cohaeret,
602 2414 746 2478 omuibus
770 2412 884 2478 ceteris
907 2433 1035 2497 prorsus
1051 2413 1175 2496 seiungi
1192 2419 1307 2496 potest.

244 2537 349 2620 Atque
373 2543 445 2621 post
468 2538 619 2602 letiorem
644 2536 771 2619 quidem
795 2539 1081 2622 interpunctionem
1105 2544 1247 2602 exstant:

246 2664 275 2725 1.
300 2683 400 2746 praes.
418 2661 483 2726 ind.
519 2664 552 2742 α)
577 2669 649 2746 post
672 2683 776 2746 praee.
794 2663 859 2727 ind.
884 2664 975 2741 ήμεῑς
992 2661 1061 2727 οὐδ’
1079 2664 1130 2727 ἐπὶ
1147 2663 1309 2729 ἀδύνατον

138 2768 313 2848 ἀμύνεσθαι
329 2770 424 2834 πόλιν
440 2770 605 2848 ἐρχόμεθα,
629 2769 712 2833 ἀλλὰ
734 2774 802 2848 τοῖς
827 2773 926 2834 πᾶσιν
950 2769 1066 2848 ἄριστα
1090 2786 1309 2848 παρεσκευασ-

138 2876 243 2953 μένην,
268 2877 353 2940 ιίιστε
377 2879 436 2954 χρὴ
461 2878 511 2940 καὶ
541 2876 625 2940 πάνυ
655 2877 792 2942 ἐλπίζειν
823 2877 875 2940 διὰ
905 2876 1006 2955 μάχης
1032 2878 1110 2941 ἰέναι
1134 2877 1253 2955 αὐτούς
1278 2878 1310 2941 II

141 2984 189 3065 11,
214 2984 245 3046 6.
279 2985 351 3065 102,
376 2984 407 3048 3.
438 2985 466 3047 V
492 2984 566 3047 109.
614 2989 644 3064 β)
668 2989 741 3067 post
764 2983 888 3067 imperf.
925 2985 957 3048 II
981 2985 1034 3067 98,
1059 2985 1091 3048 3.
1126 2985 1177 3047 III
1200 2985 1253 3067 23,
1277 2986 1309 3048 4.

137 3091 168 3169 γ)
193 3097 265 3173 post
288 3111 354 3154 aor.
379 3088 443 3154 ind.
469 3091 514 3154 IV
539 3090 591 3173 85,
618 3092 647 3154 7.

243 3199 274 3261 2.
299 3197 423 3281 imperf.
462 3200 494 3277 α)
519 3204 591 3281 post
615 3199 739 3282 imperf.
776 3201 812 3262 τὸ
837 3203 930 3278 σῶμα
953 3199 1079 3277 ἀντεῖχε
1103 3199 1189 3277 παρὰ
1213 3199 1310 3263 δόξαν

138 3310 173 3386 τῇ
207 3305 415 3386 ταλαιπωρίᾳ,
451 3305 535 3368 ὥστε
570 3307 589 3384 ἢ
625 3307 847 3385 διεφθείροντο
882 3307 912 3370 oi
940 3310 1085 3370 πλεῖστοι
1121 3307 1262 3369 ἐναταῖοι
1290 3307 1309 3383 ἢ

139 3409 275 3490 ὕστερον
310 3411 462 3494 ἀσθενείᾳ
497 3411 734 3492 ἀπεφθείροντο
770 3414 802 3476 II
829 3414 883 3495 49,
915 3414 945 3477 6.
982 3413 1032 3476 III
1058 3415 1108 3494 17,
1133 3414 1164 3476 2.
1200 3413 1253 3494 93,
1278 3413 1309 3476 3.

138 3518 241 3600 V35,
266 3520 297 3582 4.
334 3519 529 3601 111443.
558 3521 611 3602 44,
636 3521 667 3584 5.
727 3523 757 3600 β)
783 3529 855 3604 post
878 3541 943 3584 aor.
967 3518 1033 3584 ind.
1070 3521 1102 3583 II
1125 3522 1156 3602 4,
1181 3521 1212 3584 2.
1248 3521 1310 3583 VII

138 3625 190 3708 25,
216 3626 246 3690 I·
294 3626 325 3704 t)
350 3631 422 3709 nost
446 3626 549 3709 plusq.
575 3627 620 3690 IV
644 3627 697 3709 83,
722 3629 754 3690 4.
790 3627 835 3691 VI
859 3627 911 3708 26,
936 3628 967 3690 2.

243 3732 275 3796 3.
300 3753 366 3796 aor.
394 3732 461 3796 ind.
509 3735 542 3813 α)
572 3740 645 3817 post
673 3753 777 3814 praes.
809 3731 875 3796 ind.
922 3735 1096 3812 ἐμπιπρᾶσι
1125 3735 1181 3812 τὰς
1210 3734 1310 3812 οἰκίας

137 3839 322 3918 φειδόμενοι
346 3839 420 3904 οὔτε
448 3841 566 3918 οἰκείας
583 3840 658 3905 οὔτε
674 3840 855 3919 ἀλλοτρίας,
879 3843 963 3905 ὥστε
980 3843 1030 3905 καὶ
1047 3842 1190 3921 χρήματα
1206 3842 1311 3905 πολλὰ

137 3946 312 4024 κατεκαύθη
349 3947 397 4011 III
423 3948 474 4030 74,
499 3949 530 4012 2.
591 3951 620 4030 β)
650 3954 722 4032 post
758 3948 880 4032 imperf.
916 3950 948 4013 II
977 3950 1030 4032 57,
1058 3951 1084 4013 1.
1131 3949 1180 4011 III
1204 3949 1257 4030 96,
1281 3949 1310 4012 3.

137 4053 181 4117 IV
205 4053 259 4134 55,
284 4055 312 4116 2.
348 4053 401 4134 68,
427 4055 455 4119 6.
492 4056 637 4138 Vtar.
683 4057 714 4134 γ)
739 4062 812 4140 post
836 4077 899 4120 aor.
924 4055 986 4119 ind.
1011 4056 1026 4119 I
1051 4057 1081 4139 2,
1106 4056 1135 4119 6.
1159 4055 1310 4137 ΙΙ48,2.

137 4160 181 4223 IV
205 4161 259 4242 23,
284 4161 313 4224 2.
339 4161 412 4243 133,
438 4163 466 4226 2.

243 4269 273 4331 4.
297 4289 361 4332 cor.
386 4275 449 4353 opt.
475 4290 500 4334 c.
524 4269 577 4334 dv:
614 4269 663 4334 ἀεὶ
687 4271 739 4333 διά
763 4272 869 4350 οόβου
894 4271 954 4335 εἰσὶ
978 4271 1019 4350 μή
1043 4290 1121 4334 ποτε
1150 4268 1310 4346 Ἀθηναῖοι

137 4373 323 4453 αύτοῑςέπί
347 4377 406 4454 τὴν
429 4377 525 4441 πόλιν
559 4377 708 4461 ἔλθωσιν,
740 4380 824 4442 ὥστε
853 4375 922 4456 τάχ’
952 4377 993 4441 ἀν
1019 4377 1101 4455 ἴσως
1126 4377 1311 4455 ἐθελήσειαν

137 4480 212 4559 ἡμῖν
235 4481 352 4562 ἀμύναι
376 4483 422 4548 VI
445 4483 499 4566 34,
524 4484 552 4547 2.
