3132 5116
632 372 805 437 μ.ρη...

236 559 265 628 ί.
291 559 382 642 ὅστις
408 581 435 628 ο.
459 581 507 648 ρι’.
532 562 596 628 ind.
644 561 713 628 οὐδ’
740 563 802 643 ἀρα
818 585 854 640 γε
877 565 953 642 ἡγῆ
970 560 1132 649 ἀνθρώπῳ
1149 557 1217 629 ἐστὶ
1235 555 1307 644 χρή-

127 693 219 750 ματα,
243 671 334 749 ὅστις
360 670 466 749 οὕτως
490 671 653 750 ἐργάζεται
670 672 771 750 αὐτὴν
787 671 872 735 ὥστε
888 675 1077 751 Ζημιοθσθαι
1093 673 1307 751 ἐργαζόμενος

129 778 206 844 Oee.
233 781 261 854 1,
278 780 309 843 8.
349 779 469 844 Onmm.
494 780 526 842 ΙΙ
550 777 579 855 6,
596 779 627 842 5.

234 886 268 967 b)
293 886 461 950 Sententia
485 885 679 950 antecedens
702 884 821 969 pendet

239 995 267 1056 1.
292 995 325 1058 in
354 993 510 1057 infinitivo
538 994 644 1077 posita
691 994 723 1072 α)
753 1013 773 1057 a
802 992 909 1057 verbis
939 991 1140 1057 deelarandi:
1177 993 1306 1072 ἐφασαν

128 1102 205 1178 τοὺς
231 1101 431 1178 στρατιώτας
455 1101 499 1177 εἰς
524 1105 620 1164 τούτο
644 1105 768 1178 τρυφῆς
793 1100 898 1163 ἐλθεῖν
923 1097 1000 1163 ὥστ’
1027 1099 1086 1163 οὐκ
1109 1101 1230 1164 ἐθέλειν
1254 1102 1305 1164 πί-

129 1228 204 1283 νειν,
229 1208 255 1270 εἰ
280 1210 320 1285 μὴ
345 1207 523 1285 ἀνθοσμίας
548 1207 595 1285 εἴη
621 1206 703 1270 Hell.
722 1206 767 1268 VI
783 1207 814 1288 2,
832 1207 862 1270 ύ.
899 1208 1094 1285 πολεμήσειν
1118 1207 1305 1286 ὑπισχνεῖτο

129 1319 198 1391 τοῖς
224 1313 411 1392 Ἀθηναίοις,
441 1314 526 1378 ὥστε
556 1317 595 1392 μὴ
627 1314 711 1392 ἐχειν
746 1315 880 1391 ἐκείνοις
910 1318 1016 1392 καλῶς
1046 1315 1085 1378 τὰ
1109 1315 1143 1378 ἐν
1168 1314 1306 1393 Ἔλλησ·

130 1423 240 1506 πόντῳ
265 1422 348 1485 Hell.
373 1423 419 1486 IV
444 1423 472 1497 8,
489 1423 541 1484 32.
575 1421 649 1505 Oyr.
674 1423 690 1484 I
713 1423 790 1497 2,1.
828 1422 857 1496 3,
874 1421 904 1485 9.
937 1421 983 1484 Ν
1006 1421 1105 1498 2,1ἶ).
1137 1422 1306 1497 V11,19.

132 1530 214 1594 Hell.
244 1530 276 1592 ΙΙ
309 1530 405 1604 1,14.
450 1529 512 1594 VII
543 1531 569 1604 1,
586 1530 639 1592 31.
683 1529 786 1592 Anab.
817 1529 846 1592 V
875 1529 904 1603 6,
921 1528 974 1592 25.
1018 1528 1138 1594 Oemm.
1168 1529 1306 1604 Ι2,52.

132 1637 164 1698 ΙΙ
191 1638 217 1711 1,
234 1637 277 1700 22
308 1635 392 1716 (bis).
423 1637 468 1700 Ν
494 1636 521 1710 7,
544 1637 574 1698 2.
635 1637 664 1714 β)
690 1635 731 1699 ab
766 1635 838 1698 aliis
873 1635 1085 1699 eloeutienum
1121 1636 1306 1718 generibus:

134 1743 243 1809 ἐδοξεν
268 1744 303 1806 ἐν
324 1745 435 1820 πέδαις
453 1743 610 1818 δεδέσθαι,
635 1741 728 1806 αὗται
745 1745 780 1805 δέ
797 1743 884 1826 αὐτῷ
901 1743 1076 1821 αὐτόμαται
1092 1748 1307 1822 περιρρυῆναι,

134 1852 217 1914 ὥστε
248 1854 381 1928 λυθῆναι
411 1852 461 1913 καὶ
492 1851 665 1928 διαβαίνειν
695 1849 822 1913 ὁπόσον
847 1850 998 1928 ἐβούλετο
1034 1849 1136 1915 Anab.
1161 1850 1207 1913 IV
1231 1851 1259 1926 3,
1277 1851 1307 1913 8.

134 1956 384 2041 ey1·.V5,10.
427 1957 725 2040 eyr.16‚18(v.
755 1977 787 2039 p.
811 1957 890 2035 ἔνθ).
941 1957 1093 2033 πλείονας
1129 1949 1170 2020 ἂν
1202 1958 1307 2040 notro

137 2068 245 2142 λαβεῖν
269 2064 305 2126 ἐν
321 2070 358 2146 τῆ
383 2062 493 2146 ἀγορᾷ,
519 2062 603 2126 ὥστε
627 2062 812 2126 ἀποκτεῖναι
837 2063 919 2127 Hell.
936 2063 982 2127 IV
998 2064 1027 2138 4,
1044 2064 1074 2126 2.
1120 2067 1188 2140 τοῖς
1213 2067 1307 2127 πολε-

135 2173 216 2248 μίοις
249 2170 421 2250 βουλοίμην
451 2171 491 2233 ἀν
519 2169 642 2248 εὔπορα
671 2171 776 2233 πάντα
805 2171 976 2249 φαίνεσθαι
1013 2169 1097 2233 ὥστε
1125 2169 1307 2249 ἀποχωρεῖν

135 2279 236 2342 Anah.
264 2278 307 2340 VI
331 2277 360 2352 5,
387 2278 437 2340 18.
485 2276 606 2354 ἀνάγκη
642 2278 710 2340 ἐστὶ
746 2277 944 2356 ἐκθλίβεσθαι
980 2278 1055 2354 τοὺς
1087 2276 1221 2360 ὁπλίτας
1257 2279 1307 2340 καὶ

134 2386 328 2464 πορεύεσθαι
351 2386 511 2463 πονήρως,
537 2383 621 2448 ὥστε
650 2385 871 2463 δυςχρῆστους
897 2383 977 2448 εἶναι
1006 2384 1109 2448 Anah.
1135 2385 1184 2447 ΙΙΙ
1208 2386 1307 2459 419.

133 2492 263 2569 ἁπάσας
300 2494 356 2572 (se.
392 2493 538 2570 φυλακὰς
574 2491 725 2570 ἀφαιρεῖν
761 2491 1016 2571 συμβουλεύσω),
1052 2491 1144 2555 ένεκά
1179 2513 1214 2568 γε
1250 2496 1306 2555 τού

134 2599 238 2676 οὕτως
270 2599 368 2676 αὐτὰς
399 2599 616 2678 φυλάττεσθαι
647 2598 732 2662 ὥστε
761 2599 951 2662 κλέπτεσθαι
981 2599 1019 2660 τὰ
1049 2599 1083 2660 ἐκ
1110 2603 1167 2677 τῆς
1198 2599 1305 2678 χώρας

135 2708 254 2772 Onmm.
280 2706 330 2769 ΙΙΙ
353 2707 451 2781 6,11.
498 2708 534 2770 τὸ
559 2703 597 2782 δ’,
622 2705 699 2769 σύτο
729 2708 786 2784 μὲν
810 2707 889 2769 κατὰ
918 2707 1028 2783 μικρὸν
1057 2707 1226 2784 προσιέναι
1250 2708 1307 2770 τὸν

134 2815 234 2892 ἥλιον,
270 2811 355 2876 οὕτω
386 2815 421 2875 δέ
450 2813 528 2875 κατὰ
557 2815 668 2892 μικρὸν
702 2812 828 2876 ἀπιέναι
853 2811 937 2875 ὥστε
962 2811 1133 2876 λανθάνειν
1157 2814 1238 2890 ῆμὰς
1264 2813 1308 2890 εἰς

134 2921 267 2998 ἑκάτερα
297 2920 336 2982 τὰ
372 2919 566 2998 ἰσχυρότατα
601 2920 869 2997 καθισταμένους;
915 2921 972 2998 (se.
1007 2939 1112 2983 nonne
1147 2918 1309 2983 hominum
1424 2942 1426 2947 ·

135 3048 232 3092 eausa
254 3027 325 3108 fite)
356 3028 476 3092 Oenlm.
495 3026 551 3109 [IV
568 3028 596 3102 3,
613 3026 655 3109 9.]
687 3027 785 3091 Conv.
810 3028 839 3102 4,
863 3027 916 3090 54.
947 3027 1307 3109 Onnnm.111,3(bis).

241 3137 272 3198 2.
297 3135 329 3198 in
353 3135 523 3218 participio
547 3136 652 3218 posita
672 3155 692 3197 a
709 3134 814 3198 verbis
830 3133 987 3198 sentiendi
1004 3134 1090 3198 sinn:
1116 3135 1154 3198 τά
1179 3132 1207 3197 δ’
1225 3134 1308 3199 ἀλλα

133 3244 278 3320 χρήματα
302 3242 343 3305 σὺ
368 3241 545 3318 ἀπαγαγὼν
570 3242 721 3324 φύλαττε,
751 3239 817 3304 ἐστ’
849 3241 888 3304 ἀν
912 3241 966 3318 ἐμὲ
989 3241 1060 3323 ίδῃς
1084 3240 1200 3319 έχοντα
1224 3241 1309 3305 ὥστε

134 3354 195 3413 σοθ
213 3352 253 3428 μὴ
270 3349 425 3426 ἡττᾶσθαι
446 3349 724 3428 ἀντιδωρούμενον
749 3349 823 3432 Cyn.
837 3349 865 3412 V
878 3349 907 3424 4,
920 3348 973 3411 32.
991 3348 1112 3412 Comm.
1131 3348 1188 3431 [Ν
1201 3350 1229 3424 3,
1245 3348 1307 3431 1Ο.[

134 3457 197 3537 ἔχω
222 3457 373 3523 ἐπιδεῖξαι
398 3459 447 3519 καὶ
477 3459 599 3533 γυναιξί
628 3461 698 3534 ταῖς
723 3461 873 3534 γαμεταῖς
898 3457 974 3533 τοὺς
999 3457 1055 3534 μέν
1080 3454 1165 3518 οὕτω
1189 3458 1309 3534 χρωμέ-

131 3585 212 3641 νους
249 3563 333 3627 ὥστε
369 3564 548 3641 συνεργοὺς
584 3563 667 3641 ἔχειν
703 3562 802 3640 αὐτάς
851 3561 927 3626 Oee.
957 3562 986 3637 3,
1009 3564 1060 3625 10.
1101 3562 1200 3626 Conv.
1225 3563 1253 3638 9,
1278 3562 1309 3626 6.

135 3674 177 3750 (v.
202 3693 234 3754 n·
259 3671 326 3749 nn.)

243 3779 273 3841 3.
303 3778 343 3842 ab
374 3778 422 3841 ότι
452 3779 673 3842 coniunctione
701 3783 775 3861 post
802 3778 901 3840 verba
929 3775 1122 3852 declarandi,
1153 3776 1309 3841 sentiendi

135 3886 219 3949 sinn:
250 3885 362 3961 έλεγον
387 3885 434 3948 ότι
458 3885 478 3962 ἡ
502 3886 639 3963 γεωργία
663 3883 748 3948 οὕτω
773 3883 1004 3963 φιλάνθρωπός
1029 3884 1098 3946 ἐστι
1122 3886 1172 3948 καὶ
1194 3888 1310 3962 πραεῖα

135 3993 229 4071 τέχνη
266 3994 351 4056 ὥστε
387 3994 437 4055 καὶ
473 3992 619 4071 ὁρῶντας
656 3993 706 4054 καὶ
741 3991 921 4067 ἀκούοντας
962 3991 1178 4068 ἐπιστήμονας
1215 3991 1309 4068 εὐθὺς

136 4101 251 4179 ἑαυτῆς
275 4104 380 4163 ποιεῖν
416 4099 638 4175 Oee.19,17.
684 4097 803 4162 Onmm.
828 4098 878 4160 HI
902 4098 930 4172 9,
956 4097 986 4160 8.
1038 4098 1233 4175 κατενόησεν
1261 4097 1310 4161 ὅτι

136 4206 206 4270 οἶόν
223 4229 256 4270 τε
273 4207 320 4284 είη
338 4208 535 4284 ποιήσασθαι
553 4209 637 4270 ὥστε
654 4205 743 4282 ἄγειν
761 4205 835 4288 Cyn.
853 4205 898 4268 VI
914 4206 940 4279 1,
954 4205 1007 4267 52.
1040 4204 1160 4268 Cenum.
1180 4205 1195 4267 Ι
1213 4204 1309 4280 4,18.

136 4313 164 4388 3,
184 4314 233 4376 13.
267 4314 299 4376 ΙΙ
317 4314 344 4388 7,
362 4313 392 4376 6.
418 4312 474 4395 [Ν
500 4311 587 4395 8,1.[
613 4315 655 4393 (v.
681 4334 711 4396 p.
729 4313 806 4392 58.).
854 4313 905 4374 καὶ
929 4311 1104 4389 σύμπασαν
1128 4313 1186 4389 τὴν
1208 4312 1309 4375 οἰκίαν

137 4421 280 4487 ἐπέδειξα
305 4421 383 4504 αὐτῇ
409 4420 458 4483 ότι
487 4422 569 4498 πρὸς
594 4421 790 4499 μεσημβρίαν
820 4418 1039 4483 ἀναπέπταται
1064 4419 1148 4482 ὥστε
1173 4417 1310 4496 εύδηλον

1098 4526 1115 4578 3
