3132 5116
628 434 785 489 ,51-

115 607 278 690 Ἀθηναῑε,
313 611 385 693 ἡδ’
409 615 543 695 ἡμετέρη
569 615 754 694 εὐδαιμονίη
783 615 869 680 οὕτω
899 637 947 680 τοι
977 617 1167 696 ἀπέρριπται
1197 619 1230 696 ές
1261 620 1297 684 τὸ

113 721 229 798 μηδὲν,
255 722 340 786 ὥστε
363 724 439 786 οὐδὲ
464 723 616 787 ἰδιωτέων
640 724 769 802 ἀνδρῶν
786 723 894 802 ἀξίους
911 725 1009 803 ἡμέας
1027 726 1196 803 έποίησας;
1221 727 1296 790 Ηοι·.

113 826 203 892 132.
256 833 417 894 σκοποῦσι
441 827 471 895 δ’
497 832 585 909 ὑμῶν
610 829 715 909 οὕτως
740 831 770 895 οἱ
794 831 931 910 ὑπήκοοι
947 833 984 896 τὸ
1002 831 1095 910 εἰκός,
1119 831 1204 897 ὥστε
1221 833 1297 911 τούς

112 954 145 996 τε
172 939 221 1014 μὴ
247 938 472 1015 προσήκοντας
501 939 551 1001 καὶ
581 937 655 1000 ὅσοι
685 937 812 1002 ἄποικοι
842 936 935 1016 ὄντες
966 939 1167 1018 κεχείρωνται
1197 940 1230 1016 ές
1260 941 1297 1004 τὸ

112 1041 198 1105 αὐτὸ
227 1045 382 1118 τιθέασιν;
417 1044 520 1108 Thuc.
545 1044 574 1107 V
597 1044 650 1108 96.
708 1044 869 1123 Αἰσχύλον
893 1047 928 1108 δὲ
951 1046 1009 1109 τὸν
1033 1046 1190 1110 Φλιάσιον
1214 1048 1296 1126 πρὸς

112 1148 169 1224 ἐμὲ
199 1149 343 1213 ἐπαινῶν
367 1152 417 1214 καὶ
441 1152 495 1230 ἐμὲ
520 1154 601 1229 πρὸς
626 1153 750 1215 ἐκεῖνον
774 1152 833 1230 οὐχ
858 1151 943 1215 οὕτω
969 1153 1115 1230 διέθηκας
1140 1153 1224 1218 ὥστε
1246 1155 1297 1218 διὰ

112 1257 199 1333 τοὺς
226 1259 307 1334 σοὺς
332 1258 450 1335 λόγους
475 1259 612 1338 ἐρῶντες
637 1260 914 1338 ἐκυνοδρομοῡμεν
935 1259 1097 1337 ἀλλήλους
1113 1263 1298 1338 Ζητοῡντες;

114 1362 207 1427 Xen.
225 1363 323 1428 Conv.
340 1366 371 1447 4,
386 1365 439 1429 63.
486 1363 568 1444 Ἀρά
584 1387 619 1442 γε
636 1367 688 1430 διὰ
705 1366 855 1444 τοιαύτας
872 1367 962 1445 τινὰς
986 1368 1142 1445 προνοίας
1166 1370 1216 1431 καὶ
1240 1373 1297 1446 τῆς

115 1470 152 1533 ἐν
180 1478 229 1556 τῷ
253 1473 366 1551 σμήνει
390 1473 547 1552 ἡγεμόνος
571 1474 603 1537 αἱ
627 1475 765 1552 μέλιτται
794 1472 879 1538 οὕτω
909 1475 1099 1538 διατίθενται
1129 1475 1211 1552 πρὸς
1241 1476 1297 1539 αὐ-

115 1579 191 1655 τήν,
216 1581 301 1643 ὥστε
326 1579 404 1644 ὅταν
428 1581 530 1658 ἐκείνη
556 1582 675 1663 ἐκλίπῃ,
700 1582 831 1659 οὐδεμία
852 1581 951 1646 οἴεται
967 1585 1033 1645 τῶν
1049 1585 1202 1660 μελιττῶν
1219 1581 1297 1646 ἀπο-

114 1688 271 1751 λειπτέον
295 1686 384 1764 εἶναι,
408 1684 479 1750 ἀλλ’
504 1687 635 1751 ἕπονται
659 1691 774 1763 πᾶσαι;
798 1688 882 1752 Xen.
907 1688 983 1753 Oec.
1009 1689 1039 1772 7,
1057 1689 1109 1752 38.

231 1815 262 1876 2.
291 1819 364 1898 post
388 1833 426 1877 ea
450 1813 701 1878 enuntiationum
725 1833 854 1896 genera,
880 1834 961 1895 quae
978 1814 1159 1897 exprimunt
1175 1813 1295 1896 aliquid

22 1985 23 1990 ,
115 1919 168 1984 ita
192 1921 259 1984 fieri
284 1928 338 1984 aut
362 1926 509 2004 oportere
533 1927 588 1984 aut
611 1940 714 2004 posse,
739 1928 774 1983 ut
798 1919 862 1984 alia
886 1941 936 1984 ies
960 1921 1111 2002 consequi
1135 1921 1249 2004 possit:

230 2047 262 2125 α)
298 2050 353 2108 aut
382 2044 571 2128 imperativo
601 2046 652 2109 vel
681 2045 786 2110 verbis
816 2050 871 2121 δεῖ,
902 2047 961 2124 χρή
990 2045 1059 2109 sim.
1084 2045 1116 2108 αἱ
1140 2047 1294 2124 πτέρυγες

117 2156 266 2216 τοιαῦται
296 2154 346 2216 καὶ
376 2157 530 2216 τοσαῦται
560 2152 709 2216 ἔστωσαν
738 2152 822 2216 ῶστε
846 2153 971 2229 στέγειν
994 2153 1033 2216 τὰ
1057 2153 1134 2230 μέλη
1159 2151 1197 2216 R.
1223 2172 1294 2234 equ.

120 2260 177 2340 12,
200 2261 231 2323 4.

232 2387 261 2463 β)
297 2392 352 2448 aut
377 2385 483 2449 verbis
507 2385 617 2462 ἔξεστι,
648 2385 804 2448 δύνασθαι
829 2386 897 2449 sim.
922 2384 1063 2463 περίεστί
1088 2405 1140 2463 μοι
1164 2384 1296 2463 ἀμφιέν-

121 2498 239 2557 νυσθαι
270 2491 354 2556 ὥστε
385 2493 483 2569 μηδὲν
513 2496 635 2569 μᾶλλον
661 2493 796 2556 Καλλίου
828 2493 926 2570 ῥιγῶν
956 2491 1038 2556 Xen.
1064 2491 1162 2556 Conv.
1187 2492 1218 2572 4,
1243 2492 1296 2556 37.

122 2601 174 2662 καὶ
191 2599 220 2662 οἱ
237 2603 358 2676 παῖδες,
383 2598 462 2662 ὅταν
486 2601 623 2665 παίζωσι
640 2600 788 2675 ποσίνδα,
813 2599 964 2663 δύνανται
981 2597 1107 2663 ἀπατᾶν
1124 2601 1296 2678 προΐσχον-

122 2727 176 2783 τες
207 2705 292 2770 ὥστε
324 2706 455 2783 ὀλίγους
487 2706 617 2785 ἔχοντες
649 2707 792 2784 πολλοὺς
825 2710 931 2769 δοκεῖν
963 2705 1054 2783 ἔχειν.
1090 2706 1172 2769 Xen.
1197 2706 1294 2790 Hipp.

121 2813 154 2894 5,
181 2815 232 2878 10.

16 2928 17 2931 ¹
229 2940 261 3002 3.
285 2947 358 3023 post
374 2939 473 3003 verba
492 2941 726 3023 impersonalia,
752 2960 833 3021 [puae
859 2939 916 3019 (ἀι,
942 2938 1074 3002 accidit'
1098 2937 1294 3022 exprimunt:

125 3047 293 3124 συνήνεικε
319 3046 402 3111 ὥστε
427 3051 492 3110 τῶν
517 3048 709 3126 συμποτέων
734 3048 762 3110 οἱ
787 3046 890 3124 ἀνδρα
914 3045 1166 3124 ἀπηλικέστερον
1190 3047 1297 3124 παριέ-

124 3173 174 3217 ναι
199 3155 275 3218 Her.
301 3155 350 3217 ΙΙΙ
377 3155 427 3218 14.

229 3279 261 3341 4.
297 3278 471 3343 infinitivus
495 3300 565 3342 cum
590 3278 675 3343 ὥστε
705 3281 891 3343 coniunctus
920 3277 1102 3360 explicandi
1128 3298 1225 3341 causa
1255 3277 1296 3340 υιλ

123 3405 299 3468 pronomen
322 3386 374 3450 vel
398 3387 630 3451 substantivum
656 3386 796 3451 accedit:
828 3387 854 3450 εἰ
878 3387 913 3449 δέ
937 3406 1015 3449 ποτε
1039 3387 1165 3462 κληθεὶς
1190 3385 1296 3462 ἐθελή-

123 3508 211 3557 σειεν
235 3493 286 3556 ἐπὶ
311 3497 446 3556 δεῖπνον
469 3494 582 3569 έλθεῑν,
607 3495 625 3556 ὃ
649 3499 718 3571 τοῖς
743 3495 908 3570 πλείστοις
933 3493 1177 3570 ἐργωδέστατόν
1200 3493 1297 3566 ἐστιν,

123 3599 208 3664 ὥστε
232 3599 437 3678 φυλάξασθαι
461 3602 497 3664 τὸ
523 3602 602 3679 ὑπὲρ
627 3602 684 3664 τὸν
713 3601 810 3679 κόρον
840 3601 1086 3677 ἐμπίμπλασθαι,
1122 3602 1218 3662 τοῦτο
1243 3599 1297 3679 ρᾳ-

123 3709 200 3784 δίως
226 3705 310 3769 πάνυ
334 3706 540 3785 ἐφυλάττετο.
580 3708 662 3771 Xen.
688 3708 808 3770 Comm.
833 3707 849 3769 Ι
873 3706 903 3786 3,
921 3706 952 3768 6.

231 3833 321 3896 Haec
346 3853 427 3915 quae
452 3831 634 3896 enumeravi
659 3830 910 3894 enuntiationum
935 3850 1054 3912 genera
1078 3850 1134 3893 suo
1163 3831 1230 3893 iure
1254 3831 1297 3893 in-

125 3939 281 4004 finitivum
302 3940 473 4023 postulant,
498 3961 570 4002 nam
598 3940 628 4018 1)
654 3947 726 4022 post
743 3937 915 4001 sententias
931 3936 1083 4020 negativo
1100 3956 1192 3999 sensu
1209 3957 1297 4019 prac-

123 4045 207 4110 ‹litas
232 4045 405 4110 infinitivus
433 4066 499 4110 rem
527 4045 685 4128 exprimit,
722 4064 803 4126 quae
833 4044 959 4107 omnino
989 4064 1053 4106 non
1082 4052 1295 4124 consequatur

123 4154 174 4217 vel
198 4158 370 4216 consecuta
393 4152 444 4234 sit,

230 4261 264 4339 2)
287 4264 360 4343 post
383 4260 555 4324 sententias
579 4260 677 4324 verba
693 4259 761 4337 χρή,
778 4258 880 4324 έξεστι
897 4258 965 4321 sim.
984 4257 1190 4340 continentes,
1216 4275 1298 4337 ηυυο

125 4368 274 4448 consequi
299 4366 399 4450 possit
423 4366 474 4430 vel
498 4367 645 4450 potuerit,

230 4475 264 4555 3)
289 4480 361 4561 post
386 4474 483 4540 verba
506 4475 673 4553 continete
698 4473 766 4536 sim.
792 4480 824 4537 et
