3132 5116
754 407 912 462 ,52-

356 587 390 670 4)
417 589 627 673 appositionis
650 588 720 652 loeo
745 590 867 672 positus
891 588 1064 652 infinitivus
1093 587 1189 651 etiam
1215 586 1330 652 omissa
1353 610 1426 672 par-

249 697 347 761 ticula
372 695 456 762 ὥστε
481 716 570 760 suum
594 696 699 760 looum
723 701 819 760 tenet.

359 803 425 869 Sed
448 803 622 868 infinitivus
646 805 742 868 etiam
766 805 834 889 ipse
859 824 916 888 per
940 823 974 868 se
998 810 1092 888 aptus
1116 809 1193 886 erat,
1219 805 1272 886 qui
1290 824 1355 867 rem
1372 825 1428 868 ex-

251 912 402 995 primeret
999 979 1002 985 Δ

360 1020 391 1098 1)
427 1038 509 1099 quae
539 1019 690 1101 consequi
719 1025 829 1103 posset
857 1018 908 1083 vel
937 1019 1107 1102 potuisset:
1143 1022 1243 1082 ταῦτα
1272 1019 1332 1097 γὰρ
1366 1019 1425 1098 (so.

252 1125 488 1209 Thermopylae
505 1131 536 1188 et
552 1125 769 1206 Artemisium)
794 1126 895 1205 άγχού
920 1147 953 1189 τε
977 1125 1128 1204 ἀλλήλων
1153 1127 1221 1189 ἐστὶ
1246 1128 1331 1190 ὥστε
1347 1147 1427 1189 πυν-

253 1233 407 1297 θάνεσθαι
436 1233 475 1295 τὰ
505 1233 584 1296 κατὰ
620 1234 791 1312 ἑκατέρους
821 1235 918 1296 ἐόντα
947 1234 1022 1297 Her.
1047 1233 1110 1296 VII
1136 1232 1209 1297 175.
1260 1234 1428 1311 ἐτειχίζετο

254 1339 313 1403 οὖν
337 1339 422 1402 οὕτω
447 1341 503 1405 ξὺν
527 1347 572 1423 τῷ
596 1341 756 1419 πρότερον
780 1343 861 1418 πρὸς
886 1341 1019 1419 ἤπειρον
1041 1340 1216 1419 ὑπάρχοντι
1232 1341 1326 1418 τείχει
1342 1342 1428 1404 ὥστε

253 1448 475 1525 καθεζομένων
510 1447 544 1524 ἐς
580 1447 658 1510 αὐτὸ
694 1447 876 1525 ἀνθρώπων
911 1447 1030 1524 ὀλίγων
1066 1447 1176 1525 άρχειν
1210 1451 1268 1510 τού
1304 1447 1428 1511 ἐσπλου
1508 1431 1510 1435 ’

253 1552 355 1618 Thuo.
380 1553 460 1617 VIII
485 1554 538 1635 90,
555 1554 586 1617 4.
639 1556 779 1632 κραυγὴν
815 1556 939 1631 πολλὴν
975 1554 1108 1618 ἐποίουν
1145 1556 1229 1618 ὥστε
1265 1557 1315 1617 καὶ
1350 1556 1429 1632 τοὺς

253 1662 426 1739 πολεμίους
452 1659 580 1724 ἀκούειν
604 1661 687 1723 Xon.
712 1660 815 1725 Aneb.
840 1660 873 1723 ΙΙ
897 1660 927 1740 2,
948 1661 998 1725 17.

360 1769 394 1847 2)
431 1787 513 1848 quae
542 1787 654 1831 revera
683 1774 931 1848 consequeretur
958 1767 1009 1830 vel
1038 1765 1209 1832 oonseouta
1238 1773 1334 1832 esset:
1371 1769 1430 1832 τὸν

255 1878 293 1952 δη
320 1875 521 1953 περιάγουσα
545 1874 609 1952 ἅμα
632 1878 717 1938 τοῖσι
742 1875 890 1957 Πέρσησι
919 1875 986 1952 ἥλω
1015 1878 1094 1951 νηῦς
1118 1875 1137 1952 ἡ
1162 1875 1309 1952 Σιδωνίη,
1345 1874 1431 1938 ὥστε

253 1982 386 2059 Πυθέην
411 1979 496 2044 οὕτω
521 1985 665 2057 σωθῆναι
690 1981 723 2058 ἐς
741 1981 873 2057 Αἴγιναν
898 1982 973 2044 Ηει·.
987 1982 1067 2045 VIII
1080 1982 1132 2045 92.
1180 1985 1245 2044 τῶν
1256 1983 1432 2045 Πλαταιῶν

255 2109 302 2165 τις
327 2089 383 2166 τὰς
409 2088 514 2165 πύλας
539 2088 655 2170 ἔκλησε
679 2090 763 2151 ὥστε
788 2091 867 2166 μηδὲ
891 2089 989 2171 ταύτῃ
1015 2088 1059 2151 ἔτι
1085 2089 1197 2154 ἐξοδον
1222 2088 1302 2152 εἶναι
1327 2089 1431 2152 Thuo.

255 2196 287 2258 ΙΙ
304 2197 335 2276 4,
353 2196 384 2258 3.
432 2195 551 2273 Ἀχαιοὶ
575 2196 651 2272 τοὺς
676 2196 826 2272 ἐποίκους
850 2195 1049 2273 προύδοσαν,
1075 2197 1159 2259 ὥστε
1181 2196 1359 2259 ἀπολέσθαι
1376 2196 1431 2258 αὐ-

255 2306 320 2366 τῶν
345 2303 427 2381 πρὸς
452 2303 665 2379 ἑπτακοσίους
690 2303 773 2365 Xen.
798 2302 880 2366 Hell.
906 2303 922 2364 I
945 2303 1047 2384 2,18.

362 2409 443 2473 Utro
472 2409 520 2472 vis
549 2408 705 2473 infinitivo
735 2409 862 2490 inesset,
898 2397 1029 2472 nonnisi
1058 2410 1285 2473 sententiarum
1321 2429 1432 2474 sensus

257 2515 404 2579 docebat.
452 2514 516 2579 Sed
553 2537 615 2579 non
650 2515 750 2580 solum
787 2515 963 2598 modorum,
1001 2515 1098 2580 etiam
1133 2523 1308 2600 temporum
1345 2523 1432 2581 certo

257 2621 440 2686 discrimine
464 2622 638 2688 infinitivus
663 2613 800 2697 ourebot,
825 2623 974 2704 quoniam
998 2643 1038 2686 ex
1062 2622 1210 2687 infinitivi
1235 2624 1432 2707 temporibus
1510 2619 1512 2624 ’

257 2729 343 2792 nulla
373 2729 439 2792 fere
468 2730 528 2794 nisi
545 2749 709 2813 ,praeseus
738 2736 769 2793 et
798 2732 934 2793 aorisius
963 2737 1116 2813 usurpata
1152 2737 1233 2794 suut.
1292 2731 1433 2795 Perfeoti

257 2836 413 2915 infiniiivi,
448 2844 483 2900 ut
507 2838 650 2900 omiitam
675 2837 800 2911 εἰδέναι,
825 2840 956 2912 κεῖσθαι,
985 2836 1198 2912 ἀπολωλέναι,
1234 2858 1342 2901 onmes
1366 2837 1432 2901 fero

258 2944 435 3026 praesentis
459 2964 584 3008 sensum
608 2943 743 3008 habent:
770 2943 855 3020 οἶμαι
881 2946 915 3006 δέ
939 2946 989 3007 καὶ
1015 2946 1121 3020 λόγων
1138 2946 1188 3007 καὶ
1206 2944 1433 3023 βουλευμάτων

259 3052 417 3114 κοινωνὸν
447 3051 487 3114 ἀν
518 3067 556 3114 σε
587 3056 734 3114 ποιοῖντο
765 3053 816 3114 διὰ
846 3052 883 3114 τὸ
913 3051 1083 3125 πιστεύειν,
1119 3053 1203 3114 ὥστε
1234 3053 1313 3130 μηδέ
1336 3051 1372 3114 ἐν
1396 3067 1434 3114 σε

261 3158 426 3235 λεληθέναι
451 3157 496 3223 ὧν
524 3159 703 3238 βουλόμεθα
720 3159 844 3221 εἰδέναι.
869 3159 952 3222 Xon.
970 3158 1044 3242 Cyr.
1062 3159 1107 3221 VI
1126 3160 1154 3240 1,
1171 3159 1225 3221 40.
1274 3159 1433 3236 Κλέαρχος

259 3266 398 3343 ἤλαυνεν
422 3266 474 3328 ἐπὶ
498 3267 574 3343 τοὺς
599 3266 765 3342 Μένωνος,
795 3263 872 3328 ὥστ’
898 3265 1039 3342 ἐκείνους
1065 3265 1279 3344 ἐκπεπλῆχθαι
1304 3267 1353 3328 καὶ
1379 3265 1433 3327 αύ-

260 3374 317 3436 τὸν
349 3373 488 3435 Μένωνα
524 3373 575 3435 καὶ
610 3373 732 3451 τρέχειν
768 3373 818 3435 ἐπὶ
851 3372 889 3435 τὰ
920 3370 1013 3435 ὅπλα.
1048 3372 1131 3435 Xon.
1157 3373 1355 3454 Anab.15,
1383 3373 1433 3434 13.

261 3479 382 3556 ἀνάγκη
407 3479 447 3557 ἦν
472 3476 511 3542 δι’
538 3479 617 3542 ὅλου
643 3483 700 3542 τού
726 3479 964 3558 στρατεύματος
988 3480 1151 3555 γίγνεσθαι
1175 3481 1233 3558 τὴν
1257 3480 1434 3543 ἐπίστασιν.

263 3585 346 3649 ὥστε
371 3588 407 3649 τὸ
433 3586 615 3664 στράτευμα
640 3588 689 3649 καί
715 3586 825 3663 αὐτοῖς
842 3591 910 3663 τοῖς
927 3585 1063 3662 Ἕλλησι
1079 3587 1168 3651 δόξαι
1185 3586 1336 3664 πάμπολυ
1354 3586 1434 3651 εἶναι

262 3695 312 3756 καὶ
337 3695 393 3756 τὸν
416 3694 551 3771 Πέρσην
576 3693 791 3771 ἐκπεπλῆχθαι
815 3697 1007 3770 θεωροῦντα.
1031 3693 1114 3756 Χευ.
1140 3693 1242 3756 Anah.
1268 3693 1300 3756 II
1323 3694 1356 3777 4,
1381 3694 1433 3757 26.

263 3801 444 3879 ἰχνεύεσθαι
475 3802 509 3864 δέ
540 3802 616 3878 τοὺς
648 3804 754 3877 λαγῶς
790 3808 847 3879 (so.
873 3802 941 3880 δεῖ),
977 3799 1056 3863 ὅταν
1087 3801 1164 3883 νίφη
1198 3799 1216 3863 ὁ
1246 3802 1320 3877 θεὸς
1350 3802 1435 3864 ὥστε

264 3909 441 3986 ἠφανίσθαι
464 3909 523 3984 τὴν
546 3913 614 3985 γῆν.
653 3908 736 3971 Xeu.
762 3907 883 3990 Cyneg.
909 3908 987 3989 8,1.
1045 3909 1160 3971 πολλοὶ
1184 3908 1292 3985 ίππεῑς
1317 3909 1435 3984 μυωπί-

262 4021 373 4092 ζοντες
397 4017 447 4078 καὶ
472 4015 623 4092 παίοντες
648 4015 881 4092 ἐκπλήττουσιν
898 4016 974 4092 τοὺς
990 4016 1118 4093 ἵππους,
1143 4017 1227 4079 ὥστε
1244 4015 1434 4094 τεταράχθαι

262 4124 312 4186 καὶ
337 4122 540 4186 κινδυνεύειν.
564 4123 647 4185 Xeu.
665 4122 703 4185 R.
722 4142 792 4203 equ.
820 4123 871 4206 10,
888 4124 919 4186 2.
966 4124 1261 4202 προκεχωρηκότων
1285 4127 1354 4200 τοῖς
1376 4123 1435 4186 Λα-

263 4230 476 4308 κεδαιμονίοις
501 4228 585 4292 ὥστε
610 4230 772 4308 Θηβαίους
801 4232 858 4307 μὲν
887 4227 935 4293 ἐπ’
962 4231 1094 4307 ἐκείνοις
1123 4229 1213 4305 εἶναι,
1251 4231 1435 4308 Κορινθίους

265 4339 300 4400 δέ
323 4336 539 4414 πιστοτάτους
562 4341 762 4414 γεγενῆσθαι,
792 4335 954 4416 Ἀργείους
979 4340 1014 4401 δέ
1037 4342 1299 4412 τεταπεινῶσθαι,
1330 4337 1436 4415 ἀσφα-

268 4448 332 4524 λῶς
356 4445 375 4522 ἡ
400 4443 480 4524 ἀρχὴ
506 4445 608 4510 ἐδόκει
633 4444 743 4524 αὐτοῖς
768 4445 1025 4510 κατεσκευάσθαι.
1061 4445 1144 4510 Χοο.
1169 4445 1252 4511 Hell.
1277 4445 1306 4508 V
1330 4444 1362 4528 3,
1380 4444 1431 4509 27.
