3132 5116
771 367 949 435 ..μμ

272 555 449 648 comparavi
473 565 587 647 petest,
625 562 741 646 qnippe
767 582 848 644 qnae
872 562 977 625 emnia
1001 557 1195 626 consecutivi
1219 555 1345 644 generis
1368 553 1448 624 sint.

272 673 360 750 (Her.
386 671 467 734 VIII
490 671 531 734 57
569 671 673 748 μένειν
709 691 766 753 pre
802 671 923 748 μενέειν
949 679 1021 733 ‘cum
1051 670 1217 752 Krnegerc
1242 667 1450 732 scribendum

272 798 341 842 esse
365 780 465 861 pute).
526 777 738 853 Quamobrem
762 777 869 840 nescio
900 797 940 840 an
968 797 1025 860 pre
1049 777 1204 840 intinitive
1229 776 1324 839 tiitmi
1349 797 1448 839 κατα·
1558 779 1559 786 ’

156 962 157 966 ¹
272 887 404 963 στήσειν
427 884 600 970 infinitivus
624 884 735 947 nevisti
760 888 957 962 καταστῆσαι
980 883 1146 968 ponendus
1170 884 1220 964 sit,
1246 883 1299 964 qui
1324 884 1449 966 optime

272 991 418 1073 congruit
452 1005 523 1055 cum
558 989 714 1053 infinitivo
745 989 894 1068 ἀδικῆσαι
919 989 992 1069 (Th.
1018 991 1069 1052 IH
1092 991 1144 1072 28,
1162 992 1206 1070 2),
1231 990 1302 1053 aliis
1325 990 1447 1053 multis.

378 1096 528 1161 Infinitivi
553 1097 656 1161 finalis
679 1099 809 1179 negatio
834 1104 882 1161 est
906 1099 955 1175 μή.
1001 1098 1093 1162 Hanc
1116 1098 1319 1180 negationem
1354 1117 1449 1161 acce-

272 1205 348 1270 dere
371 1204 413 1268 ad
437 1204 626 1269 infinitivum
650 1212 722 1287 pest
746 1205 884 1288 positiva
907 1205 1006 1284 verba
1029 1204 1229 1288 pnehibendi⁷
1259 1205 1312 1268 nbi
1336 1211 1450 1268 nestra

270 1313 381 1394 lingna
403 1301 605 1394 negationem
631 1312 757 1394 omittit,
783 1312 860 1375 satis
883 1319 991 1375 notum
1016 1318 1077 1376 est:
1103 1313 1193 1390 μόλις
1218 1313 1248 1375 οἱ
1270 1315 1448 1390 στρατηγοὶ

271 1420 429 1497 κατέσχον
459 1420 543 1482 ὥστε
571 1420 611 1496 μὴ
642 1421 692 1481 καὶ
720 1419 796 1496 τοὺς
826 1419 1018 1496 ἀνθρώπους
1048 1420 1288 1497 διαφθείρεσθαι
1313 1419 1373 1482 Th.
1398 1419 1449 1482 IV

274 1527 347 1607 130,
372 1527 403 1589 6.
447 1524 507 1588 Th.
532 1524 548 1587 I
572 1525 625 1607 34,
643 1526 674 1588 3.
705 1526 759 1607 49,
778 1527 808 1589 7.
841 1526 886 1589 IV
913 1526 1034 1608 132‚2.
1068 1526 1172 1607 V49,
1193 1529 1221 1589 1.
1254 1527 1317 1589 VII
1341 1526 1394 1607 36,
1411 1526 1447 1588 4.

272 1633 354 1698 VIII
379 1632 500 1713 108,1.
532 1631 635 1696 Anah.
660 1632 711 1694 III
735 1633 765 1714 τ’),
786 1634 836 1695 11.
883 1633 1023 1714 Negatio
1048 1631 1137 1696 deest
1165 1633 1247 1696 Xen.
1272 1632 1355 1696 Hell.
1381 1633 1447 1696 VII

272 1741 303 1821 2,
324 1739 377 1802 13:
403 1739 470 1802 ἐπεὶ
490 1742 524 1803 δὲ
543 1741 652 1818 καιρὸς
672 1740 773 1802 έδόκει
792 1739 878 1814 ἰέναι,
903 1739 1033 1823 ἀπῇσαν
1050 1741 1079 1803 οἱ
1095 1741 1241 1818 πολέμιοι
1265 1739 1369 1823 κύκλῳ
1386 1743 1446 1802 τοῦ

272 1845 484 1924 Τρικαράνου·
509 1848 592 1910 ὥστε
617 1847 677 1924 γὰρ
694 1849 752 1924 τὴν
774 1846 937 1924 σύντομον
961 1849 1042 1925 πρὸς
1067 1848 1143 1924 τοὺς
1159 1848 1347 1924 Πελληνέας
1369 1846 1445 1926 ἀφι-

272 1954 382 2016 κέσθαι
405 1953 424 2032 ἡ
450 1954 512 2031 πρὸ
536 1957 593 2016 τοῦ
618 1955 743 2031 τείχους
768 1953 894 2032 φάραγξ
919 1952 1011 2031 είργε.
1068 1954 1145 2018 Post
1171 1955 1323 2037 negativa
1346 1955 1447 2019 verba

274 2059 462 2144 prohibendi
486 2059 566 2124 haec
591 2059 653 2123 duc
678 2061 826 2142 exempla
849 2061 1065 2124 inveniuntur:
1103 2060 1176 2125 οὔτε
1206 2062 1312 2139 σφέας
1343 2062 1446 2139 Εὐρυ-

275 2167 385 2246 βιάδης
399 2167 541 2244 κατέχειν
559 2168 730 2244 δυνήσεται
749 2166 822 2230 οὔτε
839 2188 887 2244 τις
912 2167 1093 2245 ἀνθρώπων
1117 2167 1216 2245 ἀλλος
1241 2170 1325 2232 ὥστε
1349 2171 1389 2246 μὴ
1406 2169 1447 2232 οὐ

275 2278 543 2351 διασκεδασθῆναι
568 2275 625 2350 τὴν
650 2276 809 2351 στρατιήν.
851 2275 925 2337 Her.
950 2274 1031 2337 VIII
1054 2275 1107 2339 57.
1154 2276 1204 2338 καί
1228 2291 1266 2338 σε
1290 2277 1367 2353 μήτε
1391 2277 1447 2340 νὺξ

274 2378 345 2458 μήθ’
365 2381 464 2459 ἡμέρα
481 2381 638 2458 ἐπισχέτω
658 2380 742 2444 ὥστε
766 2380 888 2445 ἀνεῖναι
912 2381 1071 2459 πράσσειν
1088 2403 1116 2445 τι
1141 2381 1186 2445 ὧν
1204 2383 1272 2460 ἐμοὶ
1289 2383 1446 2460 ὑπισχνεῑ.

275 2487 336 2551 Th.
361 2488 378 2550 I
404 2488 477 2569 129,
494 2488 526 2550 3.
572 2487 716 2551 Alterum
740 2486 851 2550 herum
875 2489 1090 2571 exemplorum
1107 2489 1310 2571 negationem
1334 2490 1374 2566 μὴ
1396 2489 1446 2570 οὐ,

275 2614 356 2676 quae
380 2600 452 2677 pest
474 2595 626 2677 negativa
649 2594 748 2658 verba
770 2593 960 2677 prohibendi
983 2596 1171 2679 postulatur,
1196 2602 1281 2659 reete
1298 2596 1445 2679 praebet3

274 2702 307 2764 in
331 2702 431 2765 altem
461 2700 545 2765 ὥστε
575 2701 697 2764 ἀνεῖναι
734 2703 971 2765 consecutivam
1006 2703 1070 2766 vim
1105 2702 1236 2767 exhibet
1271 2710 1343 2787 pest
1379 2723 1447 2766 sen-

275 2809 407 2872 tentiam
441 2809 635 2890 negativam,
671 2809 703 2871 in
734 2829 797 2889 qna
826 2808 955 2872 verbum
979 2808 1169 2892 prohibendi
1194 2810 1337 2874 absolute
1361 2830 1447 2875 usuv-

276 2921 385 3000 patum
409 2922 467 2979 est.

385 3023 463 3088 Cum
487 3022 642 3087 infinitivo
660 3022 746 3086 finali
763 3023 951 3106 particulam
968 3023 1018 3106 ἀν,
1044 3044 1125 3105 quae
1142 3024 1326 3108 saepissime
1343 3032 1449 3088 exstat

276 3129 362 3213 apud
386 3130 573 3194 infinitivum
599 3131 845 3212 consecutivum,
872 3132 1020 3213 coniungi
1044 3152 1107 3194 nen
1130 3151 1223 3215 pesse
1247 3138 1392 3216 apparet.

383 3237 554 3300 Praeterea
577 3236 769 3300 menendum
793 3243 841 3301 est
860 3236 1049 3302 infinitivum
1072 3238 1198 3302 finalem
1221 3259 1284 3302 nen
1307 3239 1353 3302 ita
1377 3259 1447 3302 vave

276 3345 462 3427 sententiae,
499 3366 518 3408 a
549 3365 611 3425 qua
646 3344 775 3429 pendet,
812 3343 1012 3426 antecedere,
1049 3344 1133 3426 qued
1169 3366 1329 3427 nunquam
1359 3345 1393 3409 fit
1417 3347 1448 3409 in
1558 3427 1559 3430 Ἴ

205 3463 207 3468 ’
276 3453 439 3516 sententiis
464 3453 691 3517 consecutivis:
717 3450 802 3515 ὥστε
825 3452 962 3530 ἡσυχίαν
987 3451 1126 3530 ἄγοντας
1150 3453 1232 3531 ἡμᾶς
1257 3455 1374 3531 φίλους
1392 3456 1448 3532 μὲν

277 3558 357 3622 εἶναι
382 3558 452 3622 ἀντὶ
476 3560 646 3638 πολεμίων,
671 3559 852 3637 ξυμμάχους
878 3561 911 3621 δὲ
936 3560 1127 3641 μηδετέρων,
1153 3561 1212 3623 οὐκ
1232 3560 1272 3623 ἂν
1289 3561 1447 3634 δέξαισθε;

278 3665 484 3746 (defessa
508 3665 695 3729 condicione
718 3668 765 3745 ut)
790 3664 850 3728 Th.
876 3666 973 3729 V94.

329 3841 336 3860 Ἰ.
385 3772 468 3836 ὥστε
494 3774 529 3835 δὲ
553 3774 610 3850 τὴν
640 3777 774 3849 γυναῖκα
809 3772 993 3851 ἀπολαβεῖν,
1030 3774 1118 3837 πόσα
1154 3773 1194 3836 ἄν
1223 3795 1275 3851 μοι
1305 3775 1448 3853 χρήματα

279 3881 384 3958 δοίης;
408 3881 492 3943 Xen.
517 3879 592 3964 Cyn.
617 3880 668 3943 III
694 3882 722 3961 1,
740 3880 793 3944 35.

385 3986 469 4050 ὥστε
493 3988 553 4065 γάρ
577 3989 635 4064 τὴν
658 3987 821 4065 σύντομον
856 3989 938 4066 πρὸς
968 3989 1043 4065 τοὺς
1066 3989 1254 4066 Πελληνέας
1278 3988 1447 4067 ἀφικέσθαι

278 4094 441 4173 ἡφάραγξ
466 4093 559 4172 είργε.
585 4093 667 4158 Xen.
693 4094 775 4157 Heli.
800 4095 864 4158 VII
887 4096 988 4177 213.

386 4200 470 4264 ὥστε
495 4203 530 4264 δὲ
555 4203 595 4278 μὴ
617 4201 800 4264 ὀλισθάνειν
821 4202 840 4279 ἡ
862 4201 921 4278 ὕλη
938 4203 988 4265 καὶ
1005 4202 1023 4279 ἡ
1040 4207 1079 4280 γῆ
1097 4204 1220 4281 σχήσει.
1244 4203 1327 4266 Xen.
1346 4202 1447 4266 Anah.

279 4308 330 4371 III
354 4309 456 4391 5,11.

390 4414 473 4479 ὥστε
498 4417 554 4493 μὲν
578 4415 639 4495 γάρ
664 4417 788 4495 βέλτιον
812 4415 896 4496 ἔχειν
920 4419 977 4495 τὴν
1001 4419 1165 4481 πολιτείαν
1189 4416 1315 4484 οἷόντε
1345 4418 1448 4484 πολλὰ
