3132 5116
659 399 814 454 ..5-

214 581 335 647 Pboen.
360 581 425 647 478
462 582 598 659 ἐξῆλθον
622 580 682 647 έξω
706 576 797 658 τῆσδ’
823 579 904 644 ἑκὼν
929 579 1026 656 αὐτὸς
1051 577 1177 658 χθονός,

463 690 541 766 δοὺς
559 685 633 773 τῷδ’
652 688 809 752 ἀνάσσειν
832 688 986 765 πατρίδος
1011 688 1158 750 ἐνιαυτοῦ
1183 686 1308 760 κύκλον,

464 793 540 859 ὥστ’
567 796 665 873 αὐτὸς
690 795 798 873 ἀρχειν
824 793 914 871 αὖθις
939 794 1000 858 ἀνὰ
1025 794 1120 872 μέρος
1145 792 1254 871 λαβών

463 905 513 966 καὶ
537 905 577 981 μὴ
602 900 642 966 δι’
668 903 783 982 ἔχθρας
808 909 889 988 τῷδε
914 903 964 965 καῖ
988 901 1093 981 φόνου
1118 904 1236 978 μολεῖν.

251 1012 276 1074 Ι.
305 1010 339 1074 Α.
364 1011 427 1074 357
732 1011 804 1074 τίνα
827 1012 863 1072 δὲ
886 1010 989 1087 πόρον
1013 1007 1098 1088 εὕρω
1122 1009 1235 1082 πόθεν;

464 1117 548 1198 ὥστε
567 1120 607 1195 μὴ
625 1119 797 1196 στερέντας
814 1117 914 1196 ἀρχῆς
931 1116 1090 1180 ἀπολέσαι
1106 1116 1206 1178 καλὸν
1222 1114 1324 1190 κλέος.

203 1225 313 1311 Suppl.
341 1227 423 1289 1111
462 1229 546 1303 μισῶ
570 1222 598 1288 δ’
625 1225 698 1289 ὅσοι
722 1229 895 1308 χρῄζουσιν
919 1225 1069 1288 ἐκτείνειν
1095 1223 1164 1302 βίον

465 1337 617 1411 βρωτοῖσι
641 1334 692 1396 καὶ
716 1337 846 1396 ποτοῖσι
870 1334 920 1396 καὶ
944 1331 1122 1409 μαγεύμασι

463 1440 737 1517 παρεκτρέποντες
762 1440 877 1517 ὀχετὸν
901 1439 986 1502 ὥστε
1009 1440 1050 1517 μῆ
1074 1441 1191 1502 θανεῖν.

255 1548 336 1611 Hec.
361 1546 425 1610 248
462 1545 522 1610 Ἑκ.
557 1548 586 1610 τί
610 1544 677 1625 δῆτ’
703 1547 812 1624 ἔλεξας
837 1550 956 1624 δοῦλος
980 1547 1027 1608 ὢν
1051 1545 1126 1623 ἐμὸς
1150 1544 1236 1618 τότε;

464 1652 528 1717 Ὀδ.
561 1657 693 1718 πολλῶν
718 1655 825 1729 λόγων
849 1650 1009 1731 εύρήμαθ,
1034 1652 1119 1716 ὥστε
1142 1653 1183 1730 μὴ
1208 1655 1324 1714 θανεῖν.

149 1761 208 1825 Vis
232 1760 335 1824 finalis
359 1759 514 1824 infinitivo
539 1761 642 1824 inesse
667 1759 827 1826 censenda
851 1767 899 1825 est
923 1759 1020 1826 etiam
1044 1765 1116 1843 post
1139 1759 1237 1822 verba
1261 1757 1324 1820 elli-

151 1867 257 1931 ciendi
281 1867 356 1931 Eur.
382 1868 450 1932 Alc.
475 1868 540 1931 298
566 1867 648 1932 ἀλλὰ
672 1870 852 1946 ταῦταμὲν
877 1872 959 1931 θεῶν
983 1888 1030 1944 τις
1055 1867 1225 1944 ἐξέπραξεν
1244 1861 1323 1928 ὥσθ’

152 1973 257 2051 οὕτως
287 1973 379 2052 ἔχειν,
415 1973 608 2038 decemeudi
638 1974 737 2059 Sopb.
766 1974 820 2040 00
847 1975 932 2038 1350
968 1978 1097 2038 δικαιῶν
1133 1970 1210 2036 ὥστ’
1246 1973 1323 2051 ἐμοῦ

152 2081 258 2145 κλύειν
289 2083 420 2159 λόγους,
457 2081 677 2147 commovendi
701 2082 776 2145 Eur.
801 2082 872 2145 Hel.
899 2082 985 2145 1040
1017 2081 1161 2157 πείσειας
1195 2079 1235 2142 ἄν
1264 2077 1323 2143 τιν’

154 2189 270 2266 οἵτινες
294 2188 495 2267 τετραζύγων
519 2188 606 2274 ὄχων
630 2187 812 2253 ἀνάσσουσ’
837 2189 922 2253 ὥστε
946 2195 1013 2273 νῷν
1037 2191 1149 2252 δοῦναι
1173 2187 1324 2266 δίφρους;

154 2295 345 2386 probibendi
368 2295 443 2361 Eur.
467 2297 493 2359 Ι.
519 2297 557 2360 Τ.
584 2296 668 2360 1378
693 2293 761 2359 ἀλλ’
788 2295 895 2375 εἶργον
918 2296 1001 2375 ἡμᾶς
1025 2296 1152 2362 τοξόται
1178 2295 1324 2373 πρύμνης

155 2402 205 2467 ἐπι
238 2404 410 2481 σταθέντες
445 2404 518 2481 ἰοῖς,
554 2401 631 2467 ὥστ’
663 2403 849 2467 ἀναστεῖλαι
879 2389 1006 2481 πρόσω,
1040 2401 1225 2487 paciscendi
1248 2402 1323 2466 Eur.

156 2509 275 2574 Phoen.
299 2509 361 2574 591
390 2511 428 2574 οὐ
452 2511 512 2588 γὰρ
537 2511 577 2575 ἀν
601 2515 772 2590 ξυμβαῖμεν
796 2510 904 2587 ἄλλως
928 2511 947 2588 ἢ
973 2508 1017 2574 ’πὶ
1041 2515 1109 2587 τοῖς
1140 2510 1324 2588 εἰρημένοις,

154 2614 230 2680 ὥστ’
255 2618 310 2695 ἐμὲ
334 2619 507 2695 σκήπτρων
531 2622 710 2695 κρατοῦντα
734 2615 824 2695 τῆσδ’
849 2615 958 2681 ἄνακτ’
984 2617 1064 2682 εἶναι
1088 2618 1214 2696 χθονός.

259 2724 337 2788 Post
360 2724 441 2789 baec
465 2725 564 2788 verba
587 2745 748 2806 nunquam
765 2724 967 2789 inveniuntur
983 2731 1128 2809 tempora
1143 2724 1243 2804 finita,
1268 2724 1325 2788 sed

154 2849 278 2914 semper
312 2831 501 2912 infinitivus,
538 2831 700 2897 ‘nimirum
735 2832 810 2914 quia
844 2831 896 2896 hic
925 2853 944 2896 a
972 2833 1069 2896 verbo
1104 2831 1227 2914 regenti
1261 2852 1325 2896 non

154 2937 255 3001 minus
278 2938 407 3021 pendet,
433 2939 459 3002 si
484 2938 570 3002 ὥστε
594 2938 731 3023 ponitur,
756 2959 851 3020 quam
875 2939 901 3002 si
926 2937 1027 3002 deest’
1054 2938 1183 3018 (Seume
1206 2961 1237 3022 p.
1257 2939 1325 3017 30).

260 3044 504 3108 Consecutivum
530 3045 615 3110 ὥστε
638 3045 735 3127 igitur
758 3046 858 3109 solum
889 3052 1017 3130 praeter
1045 3045 1234 3109 infinitivum
1262 3066 1326 3109 mo-

156 3148 212 3214 dos
235 3151 340 3216 finitos
364 3151 515 3216 admittit.
564 3153 700 3217 Causam
725 3160 840 3234 autem,
866 3173 921 3216 cur
946 3152 1061 3216 Graeci
1085 3151 1197 3216 modos
1221 3152 1326 3217 linitos

155 3277 271 3338 ponere
294 3258 481 3342 inciperent,
506 3266 594 3323 reete
618 3260 796 3343 explicasse
819 3258 896 3323 mihi
920 3258 1047 3323 videtur
1070 3259 1186 3323 Seume
1209 3281 1240 3343 p.
1265 3260 1323 3323 4οε

156 3362 321 3428 ‘infinitivo
351 3367 589 3449 exprimebatur
621 3372 743 3430 tantum
776 3387 843 3430 rem
875 3366 1016 3448 aliquam
1048 3367 1199 3449 consequi
1232 3387 1326 3451 posse

156 3471 204 3534 vel
227 3473 377 3556 potuisse,
402 3479 507 3536 utrum
531 3493 565 3537 re
589 3494 666 3537 vera
690 3480 861 3538 consecuta
885 3479 970 3538 esset
992 3493 1103 3555 necne,
1127 3473 1325 3538 nullomodo

156 3577 366 3661 indicabatur,
391 3578 448 3644 sed
472 3579 683 3664 supplendum
708 3586 790 3660 σταῖς
816 3581 897 3645 baec
920 3581 1002 3644 ratio
1026 3580 1068 3644 ad
1087 3583 1327 3645 consecutiones

156 3683 187 3746 in
208 3684 295 3749 facto
319 3688 439 3769 positas
464 3687 687 3771 exprimendas
704 3695 817 3772 postea
831 3701 895 3752 non
911 3687 1098 3770 sufficiebat,
1123 3687 1180 3752 sed
1196 3709 1327 3753 necesse

155 3791 323 3857 videbatur
354 3813 408 3858 eas
438 3795 619 3878 accuratius
649 3794 801 3878 distingui
832 3797 1027 3880 temporibus
1056 3795 1177 3860 finitis'.
1233 3795 1325 3872 Quod

156 3917 247 3980 quem
270 3907 357 3964 recte
382 3900 501 3966 dictum
526 3901 577 3983 sit,
611 3901 685 3965 inde
710 3923 902 3985 cognoscere
927 3903 1012 3984 licet,
1046 3903 1130 3984 quod
1155 3903 1242 3987 apud
1266 3909 1325 3967 tra-

156 4005 244 4087 gieos
267 4013 379 4090 poetas
404 4007 538 4097 quidem·
556 4029 596 4072 ex
621 4009 767 4072 infinitivi
798 4011 992 4093 temporibus
1022 4010 1146 4074 nonnisi
1176 4030 1327 4094 praesens

156 4112 245 4195 (perf.
262 4107 324 4197 pr.)
349 4120 381 4177 et
404 4116 541 4180 aoristus
559 4115 642 4179 ὥστε
659 4116 849 4200 particulam
866 4123 1048 4199 sequuntur,
1075 4137 1145 4182 cum
1161 4117 1326 4182 modorum

155 4218 311 4284 finitorum
341 4227 485 4306 tempora
515 4222 578 4287 sint
608 4229 640 4287 et
668 4243 820 4307 praesens
856 4230 888 4287 et
916 4224 1039 4308 imperf.
1071 4230 1103 4288 et
1130 4224 1265 4288 aoristus
1295 4231 1327 4289 et

155 4325 330 4409 perfectum
353 4335 386 4393 et
409 4329 559 4394 futurum.

259 4435 372 4518 Neque
389 4442 495 4500 tamen
511 4435 598 4500 modi
614 4436 694 4501 finiti
711 4457 799 4502 usum
818 4437 964 4501 infinitivi
982 4438 1208 4522 suppleverunt
1230 4437 1322 4520 adeo,
