<?xml version="1.0" encoding="UTF-8"?>
<!DOCTYPE html PUBLIC "-//W3C//DTD XHTML 1.0 Transitional//EN"
    "http://www.w3.org/TR/xhtml1/DTD/xhtml1-transitional.dtd">
<html xmlns="http://www.w3.org/1999/xhtml" xml:lang="en" lang="en">
 <head>
  <title>
</title>
<meta http-equiv="Content-Type" content="text/html;charset=utf-8" />
  <meta name='ocr-system' content='tesseract 3.04.00' />
  <meta name='ocr-capabilities' content='ocr_page ocr_carea ocr_par ocr_line ocrx_word'/>
</head>
<body>
  <div class='ocr_page' id='page_1' title='image "./dehsteparticula00hehmgoog_0039.png"; bbox 0 0 3132 5116; ppageno 0'>
   <div class='ocr_carea' id='block_1_1' title="bbox 780 355 954 422">
    <p class='ocr_par' dir='ltr' id='par_1_1' title="bbox 780 355 954 422">
     <span class='ocr_line' id='line_1_1' title="bbox 780 355 954 422; baseline -0.011 -16"><span class='ocrx_word' id='word_1_1' title='bbox 780 355 954 422; x_wconf 55' lang='lat'>*30*-</span> 
     </span>
    </p>
   </div>
   <div class='ocr_carea' id='block_1_2' title="bbox 274 537 1457 3952">
    <p class='ocr_par' dir='ltr' id='par_1_2' title="bbox 281 537 1457 1275">
     <span class='ocr_line' id='line_1_2' title="bbox 281 537 1455 627; baseline -0.003 -13"><span class='ocrx_word' id='word_1_2' title='bbox 281 537 361 614; x_wconf 76' lang='grc' dir='ltr'>εἶναι</span> <span class='ocrx_word' id='word_1_3' title='bbox 392 541 440 613; x_wconf 80' lang='grc' dir='ltr'>ὅτι</span> <span class='ocrx_word' id='word_1_4' title='bbox 469 547 626 627; x_wconf 82' lang='grc' dir='ltr'>χειμῶνος</span> <span class='ocrx_word' id='word_1_5' title='bbox 656 550 711 626; x_wconf 84' lang='grc' dir='ltr'>μὲν</span> <span class='ocrx_word' id='word_1_6' title='bbox 747 549 875 627; x_wconf 87' lang='grc' dir='ltr'>εὐήλιύς</span> <span class='ocrx_word' id='word_1_7' title='bbox 910 549 987 623; x_wconf 88' lang='grc' dir='ltr'>έστι,</span> <span class='ocrx_word' id='word_1_8' title='bbox 1023 551 1079 612; x_wconf 88' lang='grc' dir='ltr'>τοθ</span> <span class='ocrx_word' id='word_1_9' title='bbox 1116 545 1151 612; x_wconf 78' lang='grc' dir='ltr'>δὲ</span> <span class='ocrx_word' id='word_1_10' title='bbox 1180 542 1295 626; x_wconf 82' lang='grc' dir='ltr'>θέρους</span> <span class='ocrx_word' id='word_1_11' title='bbox 1325 538 1455 624; x_wconf 87' lang='grc' dir='ltr'>εύσκιος</span> 
     </span>
     <span class='ocr_line' id='line_1_3' title="bbox 283 655 1457 736; baseline -0.003 -15"><span class='ocrx_word' id='word_1_12' title='bbox 283 656 358 721; x_wconf 78' lang='lat' dir='ltr'>Oea.</span> <span class='ocrx_word' id='word_1_13' title='bbox 384 658 412 731; x_wconf 82' lang='lat'>9,</span> <span class='ocrx_word' id='word_1_14' title='bbox 429 657 460 720; x_wconf 91' lang='lat'>4.</span> <span class='ocrx_word' id='word_1_15' title='bbox 514 658 584 720; x_wconf 86' lang='lat' dir='ltr'>Hue</span> <span class='ocrx_word' id='word_1_16' title='bbox 619 655 786 720; x_wconf 78' lang='lat' dir='ltr'>referenda</span> <span class='ocrx_word' id='word_1_17' title='bbox 818 676 887 720; x_wconf 80' lang='lat' dir='ltr'>esse</span> <span class='ocrx_word' id='word_1_18' title='bbox 920 655 996 718; x_wconf 79' lang='lat' dir='ltr'>nihi</span> <span class='ocrx_word' id='word_1_19' title='bbox 1032 655 1178 720; x_wconf 83' lang='lat' dir='ltr'>videntur</span> <span class='ocrx_word' id='word_1_20' title='bbox 1213 655 1294 718; x_wconf 84' lang='lat' dir='ltr'>haee</span> <span class='ocrx_word' id='word_1_21' title='bbox 1329 674 1457 736; x_wconf 81' lang='lat' dir='ltr'>qnoque</span> 
     </span>
     <span class='ocr_line' id='line_1_4' title="bbox 281 763 1455 848; baseline -0.001 -20"><span class='ocrx_word' id='word_1_22' title='bbox 281 765 443 848; x_wconf 85' lang='lat' dir='ltr'>exempla:</span> <span class='ocrx_word' id='word_1_23' title='bbox 479 769 547 842; x_wconf 85' lang='grc' dir='ltr'>τοῖς</span> <span class='ocrx_word' id='word_1_24' title='bbox 577 764 636 828; x_wconf 88' lang='grc' dir='ltr'>ούν</span> <span class='ocrx_word' id='word_1_25' title='bbox 667 769 753 841; x_wconf 85' lang='grc' dir='ltr'>θεοῖς</span> <span class='ocrx_word' id='word_1_26' title='bbox 782 765 873 844; x_wconf 90' lang='grc' dir='ltr'>χάρις</span> <span class='ocrx_word' id='word_1_27' title='bbox 902 764 950 827; x_wconf 89' lang='grc' dir='ltr'>ὅτι</span> <span class='ocrx_word' id='word_1_28' title='bbox 980 764 1019 827; x_wconf 90' lang='grc' dir='ltr'>οὐ</span> <span class='ocrx_word' id='word_1_29' title='bbox 1044 765 1105 828; x_wconf 87' lang='grc' dir='ltr'>σὺν</span> <span class='ocrx_word' id='word_1_30' title='bbox 1129 767 1233 848; x_wconf 85' lang='grc' dir='ltr'>πολλῇ</span> <span class='ocrx_word' id='word_1_31' title='bbox 1258 764 1346 847; x_wconf 84' lang='grc' dir='ltr'>ῥώμῃ</span> <span class='ocrx_word' id='word_1_32' title='bbox 1371 763 1455 827; x_wconf 90' lang='grc' dir='ltr'>ἀλλὰ</span> 
     </span>
     <span class='ocr_line' id='line_1_5' title="bbox 281 870 1455 950; baseline 0 -17"><span class='ocrx_word' id='word_1_33' title='bbox 281 873 343 934; x_wconf 87' lang='grc' dir='ltr'>σὺν</span> <span class='ocrx_word' id='word_1_34' title='bbox 372 871 493 949; x_wconf 85' lang='grc' dir='ltr'>ὀλίγοις</span> <span class='ocrx_word' id='word_1_35' title='bbox 524 871 632 949; x_wconf 85' lang='grc' dir='ltr'>ἦλθον,</span> <span class='ocrx_word' id='word_1_36' title='bbox 668 871 752 935; x_wconf 92' lang='grc' dir='ltr'>ῶστε</span> <span class='ocrx_word' id='word_1_37' title='bbox 782 871 901 950; x_wconf 85' lang='grc' dir='ltr'>βλάψαι</span> <span class='ocrx_word' id='word_1_38' title='bbox 932 873 989 949; x_wconf 82' lang='grc' dir='ltr'>μὲν</span> <span class='ocrx_word' id='word_1_39' title='bbox 1017 873 1056 949; x_wconf 89' lang='grc' dir='ltr'>μὴ</span> <span class='ocrx_word' id='word_1_40' title='bbox 1086 870 1214 948; x_wconf 89' lang='grc' dir='ltr'>μεγάλα,</span> <span class='ocrx_word' id='word_1_41' title='bbox 1250 875 1393 948; x_wconf 91' lang='grc' dir='ltr'>δηλῶσαι</span> <span class='ocrx_word' id='word_1_42' title='bbox 1418 873 1455 934; x_wconf 83' lang='grc' dir='ltr'>δὲ</span> 
     </span>
     <span class='ocr_line' id='line_1_6' title="bbox 281 977 1454 1057; baseline 0.001 -17"><span class='ocrx_word' id='word_1_43' title='bbox 281 977 327 1042; x_wconf 90' lang='grc' dir='ltr'>ῶν</span> <span class='ocrx_word' id='word_1_44' title='bbox 352 980 488 1057; x_wconf 91' lang='grc' dir='ltr'>δεόμεθα</span> <span class='ocrx_word' id='word_1_45' title='bbox 524 978 819 1053; x_wconf 81' lang='lat' dir='ltr'>nuab.1113,14.</span> <span class='ocrx_word' id='word_1_46' title='bbox 866 977 1011 1056; x_wconf 81' lang='grc' dir='ltr'>οίμαιδὲ</span> <span class='ocrx_word' id='word_1_47' title='bbox 1036 980 1086 1042; x_wconf 86' lang='grc' dir='ltr'>καὶ</span> <span class='ocrx_word' id='word_1_48' title='bbox 1111 978 1292 1054; x_wconf 86' lang='grc' dir='ltr'>λόγωνκαὶ</span> <span class='ocrx_word' id='word_1_49' title='bbox 1323 982 1454 1056; x_wconf 87' lang='grc' dir='ltr'>βουλευ-</span> 
     </span>
     <span class='ocr_line' id='line_1_7' title="bbox 282 1084 1455 1163; baseline -0.002 -14"><span class='ocrx_word' id='word_1_50' title='bbox 282 1086 391 1163; x_wconf 86' lang='grc' dir='ltr'>μάτων</span> <span class='ocrx_word' id='word_1_51' title='bbox 421 1086 579 1149; x_wconf 85' lang='grc' dir='ltr'>κοινωνὸν</span> <span class='ocrx_word' id='word_1_52' title='bbox 609 1084 649 1148; x_wconf 89' lang='grc' dir='ltr'>ἄν</span> <span class='ocrx_word' id='word_1_53' title='bbox 678 1101 716 1149; x_wconf 93' lang='grc' dir='ltr'>σε</span> <span class='ocrx_word' id='word_1_54' title='bbox 745 1089 892 1148; x_wconf 92' lang='grc' dir='ltr'>ποιοῖντο</span> <span class='ocrx_word' id='word_1_55' title='bbox 923 1085 975 1148; x_wconf 88' lang='grc' dir='ltr'>διὰ</span> <span class='ocrx_word' id='word_1_56' title='bbox 1005 1086 1042 1148; x_wconf 91' lang='grc' dir='ltr'>τὸ</span> <span class='ocrx_word' id='word_1_57' title='bbox 1070 1085 1242 1159; x_wconf 82' lang='grc' dir='ltr'>πιστεύειν,</span> <span class='ocrx_word' id='word_1_58' title='bbox 1266 1084 1351 1148; x_wconf 85' lang='grc' dir='ltr'>ὥστε</span> <span class='ocrx_word' id='word_1_59' title='bbox 1375 1087 1455 1162; x_wconf 83' lang='grc' dir='ltr'>μηδὲ</span> 
     </span>
     <span class='ocr_line' id='line_1_8' title="bbox 281 1191 1273 1275; baseline 0 -21"><span class='ocrx_word' id='word_1_60' title='bbox 281 1193 315 1255; x_wconf 89' lang='grc' dir='ltr'>έν</span> <span class='ocrx_word' id='word_1_61' title='bbox 340 1208 378 1256; x_wconf 92' lang='grc' dir='ltr'>σε</span> <span class='ocrx_word' id='word_1_62' title='bbox 403 1194 568 1270; x_wconf 84' lang='grc' dir='ltr'>λεληθέναι</span> <span class='ocrx_word' id='word_1_63' title='bbox 593 1191 639 1254; x_wconf 89' lang='grc' dir='ltr'>ῶν</span> <span class='ocrx_word' id='word_1_64' title='bbox 664 1193 842 1270; x_wconf 85' lang='grc' dir='ltr'>βουλόμεθα</span> <span class='ocrx_word' id='word_1_65' title='bbox 866 1193 982 1256; x_wconf 89' lang='grc' dir='ltr'>εἰδέναι</span> <span class='ocrx_word' id='word_1_66' title='bbox 1008 1193 1081 1275; x_wconf 70' lang='lat' dir='ltr'>Cyn.</span> <span class='ocrx_word' id='word_1_67' title='bbox 1107 1192 1151 1256; x_wconf 94' lang='lat' dir='ltr'>VI</span> <span class='ocrx_word' id='word_1_68' title='bbox 1178 1194 1204 1267; x_wconf 89' lang='lat'>1,</span> <span class='ocrx_word' id='word_1_69' title='bbox 1221 1193 1273 1254; x_wconf 83' lang='lat'>40.</span> 
     </span>
    </p>

    <p class='ocr_par' dir='ltr' id='par_1_3' title="bbox 277 1298 1453 2560">
     <span class='ocr_line' id='line_1_9' title="bbox 388 1298 1453 1382; baseline -0.002 -18"><span class='ocrx_word' id='word_1_70' title='bbox 388 1302 417 1380; x_wconf 86' lang='lat' dir='ltr'>e)</span> <span class='ocrx_word' id='word_1_71' title='bbox 442 1300 608 1364; x_wconf 75' lang='lat' dir='ltr'>Sententia</span> <span class='ocrx_word' id='word_1_72' title='bbox 620 1298 814 1364; x_wconf 86' lang='lat' dir='ltr'>anteeedens</span> <span class='ocrx_word' id='word_1_73' title='bbox 828 1305 875 1362; x_wconf 85' lang='lat' dir='ltr'>est</span> <span class='ocrx_word' id='word_1_74' title='bbox 891 1299 1122 1382; x_wconf 79' lang='lat' dir='ltr'>interrogativa</span> <span class='ocrx_word' id='word_1_75' title='bbox 1137 1298 1280 1382; x_wconf 84' lang='lat' dir='ltr'>pendens</span> <span class='ocrx_word' id='word_1_76' title='bbox 1293 1319 1333 1362; x_wconf 86' lang='lat' dir='ltr'>ex</span> <span class='ocrx_word' id='word_1_77' title='bbox 1346 1300 1453 1363; x_wconf 83' lang='lat' dir='ltr'>verbis</span> 
     </span>
     <span class='ocr_line' id='line_1_10' title="bbox 280 1405 1451 1489; baseline 0.001 -20"><span class='ocrx_word' id='word_1_78' title='bbox 280 1405 498 1489; x_wconf 81' lang='lat' dir='ltr'>interrogandi</span> <span class='ocrx_word' id='word_1_79' title='bbox 523 1406 607 1470; x_wconf 82' lang='lat' dir='ltr'>sinn:</span> <span class='ocrx_word' id='word_1_80' title='bbox 645 1406 784 1482; x_wconf 82' lang='grc' dir='ltr'>καλέσας</span> <span class='ocrx_word' id='word_1_81' title='bbox 819 1407 876 1469; x_wconf 90' lang='grc' dir='ltr'>τὸν</span> <span class='ocrx_word' id='word_1_82' title='bbox 909 1406 1058 1485; x_wconf 83' lang='grc' dir='ltr'>Γωβρύαν</span> <span class='ocrx_word' id='word_1_83' title='bbox 1093 1407 1201 1484; x_wconf 84' lang='grc' dir='ltr'>ἠρώτα</span> <span class='ocrx_word' id='word_1_84' title='bbox 1236 1406 1262 1469; x_wconf 88' lang='grc' dir='ltr'>εἰ</span> <span class='ocrx_word' id='word_1_85' title='bbox 1291 1405 1338 1482; x_wconf 78' lang='grc' dir='ltr'>εἴη</span> <span class='ocrx_word' id='word_1_86' title='bbox 1369 1405 1451 1484; x_wconf 90' lang='grc' dir='ltr'>ἀλλη</span> 
     </span>
     <span class='ocr_line' id='line_1_11' title="bbox 280 1512 1451 1596; baseline 0 -21"><span class='ocrx_word' id='word_1_87' title='bbox 280 1513 366 1590; x_wconf 91' lang='grc' dir='ltr'>δδός,</span> <span class='ocrx_word' id='word_1_88' title='bbox 403 1512 487 1577; x_wconf 86' lang='grc' dir='ltr'>ὥστε</span> <span class='ocrx_word' id='word_1_89' title='bbox 517 1515 557 1592; x_wconf 88' lang='grc' dir='ltr'>μὴ</span> <span class='ocrx_word' id='word_1_90' title='bbox 588 1512 672 1577; x_wconf 89' lang='grc' dir='ltr'>πάνυ</span> <span class='ocrx_word' id='word_1_91' title='bbox 703 1513 797 1590; x_wconf 84' lang='grc' dir='ltr'>ἐγγύς</span> <span class='ocrx_word' id='word_1_92' title='bbox 833 1517 890 1576; x_wconf 89' lang='grc' dir='ltr'>τού</span> <span class='ocrx_word' id='word_1_93' title='bbox 920 1515 1043 1593; x_wconf 89' lang='grc' dir='ltr'>τείχους</span> <span class='ocrx_word' id='word_1_94' title='bbox 1074 1512 1163 1589; x_wconf 89' lang='grc' dir='ltr'>ἄγειν</span> <span class='ocrx_word' id='word_1_95' title='bbox 1199 1513 1273 1596; x_wconf 80' lang='lat' dir='ltr'>Cyn.</span> <span class='ocrx_word' id='word_1_96' title='bbox 1299 1514 1327 1576; x_wconf 91' lang='lat' dir='ltr'>V</span> <span class='ocrx_word' id='word_1_97' title='bbox 1350 1514 1379 1588; x_wconf 91' lang='lat'>4,</span> <span class='ocrx_word' id='word_1_98' title='bbox 1396 1514 1451 1576; x_wconf 89' lang='lat'>41.</span> 
     </span>
     <span class='ocr_line' id='line_1_12' title="bbox 279 1621 1452 1698; baseline 0 -14"><span class='ocrx_word' id='word_1_99' title='bbox 279 1622 524 1698; x_wconf 85' lang='grc' dir='ltr'>πυνθανομένου</span> <span class='ocrx_word' id='word_1_100' title='bbox 548 1622 636 1697; x_wconf 92' lang='grc' dir='ltr'>τινὸς</span> <span class='ocrx_word' id='word_1_101' title='bbox 660 1621 798 1698; x_wconf 90' lang='grc' dir='ltr'>πότερον</span> <span class='ocrx_word' id='word_1_102' title='bbox 824 1621 1042 1698; x_wconf 87' lang='grc' dir='ltr'>Θεμιστοκλῆς</span> <span class='ocrx_word' id='word_1_103' title='bbox 1079 1621 1130 1683; x_wconf 89' lang='grc' dir='ltr'>διὰ</span> <span class='ocrx_word' id='word_1_104' title='bbox 1161 1621 1341 1683; x_wconf 86' lang='grc' dir='ltr'>συνουσίαν</span> <span class='ocrx_word' id='word_1_105' title='bbox 1363 1622 1452 1698; x_wconf 88' lang='grc' dir='ltr'>τινὸς</span> 
     </span>
     <span class='ocr_line' id='line_1_13' title="bbox 279 1726 1450 1806; baseline 0 -16"><span class='ocrx_word' id='word_1_106' title='bbox 279 1732 345 1791; x_wconf 92' lang='grc' dir='ltr'>τῶν</span> <span class='ocrx_word' id='word_1_107' title='bbox 369 1732 485 1806; x_wconf 85' lang='grc' dir='ltr'>σοφῶν</span> <span class='ocrx_word' id='word_1_108' title='bbox 509 1729 528 1804; x_wconf 82' lang='grc' dir='ltr'>ἢ</span> <span class='ocrx_word' id='word_1_109' title='bbox 553 1727 650 1806; x_wconf 92' lang='grc' dir='ltr'>φύσει</span> <span class='ocrx_word' id='word_1_110' title='bbox 674 1731 834 1790; x_wconf 86' lang='grc' dir='ltr'>τοσοῦτον</span> <span class='ocrx_word' id='word_1_111' title='bbox 859 1728 1002 1804; x_wconf 81' lang='grc' dir='ltr'>διήνεγκε</span> <span class='ocrx_word' id='word_1_112' title='bbox 1026 1731 1091 1790; x_wconf 92' lang='grc' dir='ltr'>τῶν</span> <span class='ocrx_word' id='word_1_113' title='bbox 1107 1731 1249 1791; x_wconf 89' lang='grc' dir='ltr'>πολιτῶν</span> <span class='ocrx_word' id='word_1_114' title='bbox 1267 1726 1351 1790; x_wconf 87' lang='grc' dir='ltr'>ὥστε</span> <span class='ocrx_word' id='word_1_115' title='bbox 1367 1729 1450 1805; x_wconf 89' lang='grc' dir='ltr'>πρὸς</span> 
     </span>
     <span class='ocr_line' id='line_1_14' title="bbox 279 1833 1452 1913; baseline -0.001 -15"><span class='ocrx_word' id='word_1_116' title='bbox 279 1835 403 1898; x_wconf 84' lang='grc' dir='ltr'>ἐκεῖνον</span> <span class='ocrx_word' id='word_1_117' title='bbox 428 1833 621 1913; x_wconf 87' lang='grc' dir='ltr'>ἀποβλέπειν</span> <span class='ocrx_word' id='word_1_118' title='bbox 643 1836 701 1911; x_wconf 88' lang='grc' dir='ltr'>τὴν</span> <span class='ocrx_word' id='word_1_119' title='bbox 723 1835 827 1908; x_wconf 88' lang='grc' dir='ltr'>πόλιν,</span> <span class='ocrx_word' id='word_1_120' title='bbox 851 1833 869 1896; x_wconf 86' lang='grc' dir='ltr'>ὁ</span> <span class='ocrx_word' id='word_1_121' title='bbox 887 1834 1058 1912; x_wconf 86' lang='grc' dir='ltr'>Σωκράτης</span> <span class='ocrx_word' id='word_1_122' title='bbox 1076 1834 1138 1913; x_wconf 88' lang='grc' dir='ltr'>έφη</span> <span class='ocrx_word' id='word_1_123' title='bbox 1165 1834 1284 1898; x_wconf 83' lang='lat' dir='ltr'>Comm.</span> <span class='ocrx_word' id='word_1_124' title='bbox 1313 1835 1359 1898; x_wconf 88' lang='lat' dir='ltr'>IV</span> <span class='ocrx_word' id='word_1_125' title='bbox 1376 1836 1405 1910; x_wconf 92' lang='lat'>2,</span> <span class='ocrx_word' id='word_1_126' title='bbox 1421 1836 1452 1898; x_wconf 90' lang='lat'>2.</span> 
     </span>
     <span class='ocr_line' id='line_1_15' title="bbox 279 1939 1451 2020; baseline 0 -16"><span class='ocrx_word' id='word_1_127' title='bbox 279 1939 381 2020; x_wconf 82' lang='grc' dir='ltr'>ἥδιστ’</span> <span class='ocrx_word' id='word_1_128' title='bbox 396 1941 436 2004; x_wconf 84' lang='grc' dir='ltr'>ἂν</span> <span class='ocrx_word' id='word_1_129' title='bbox 448 1940 617 2017; x_wconf 91' lang='grc' dir='ltr'>ἀκούσαιμι</span> <span class='ocrx_word' id='word_1_130' title='bbox 630 1942 667 2004; x_wconf 88' lang='grc' dir='ltr'>τὸ</span> <span class='ocrx_word' id='word_1_131' title='bbox 681 1939 783 2017; x_wconf 84' lang='grc' dir='ltr'>ὄνομα</span> <span class='ocrx_word' id='word_1_132' title='bbox 795 1941 842 2017; x_wconf 91' lang='grc' dir='ltr'>τίς</span> <span class='ocrx_word' id='word_1_133' title='bbox 860 1939 964 2017; x_wconf 86' lang='grc' dir='ltr'>οὕτως</span> <span class='ocrx_word' id='word_1_134' title='bbox 981 1941 1050 2004; x_wconf 86' lang='grc' dir='ltr'>έστὶ</span> <span class='ocrx_word' id='word_1_135' title='bbox 1067 1943 1171 2018; x_wconf 89' lang='grc' dir='ltr'>δεινὸς</span> <span class='ocrx_word' id='word_1_136' title='bbox 1189 1943 1293 2017; x_wconf 89' lang='grc' dir='ltr'>λέγειν</span> <span class='ocrx_word' id='word_1_137' title='bbox 1309 1940 1394 2005; x_wconf 91' lang='grc' dir='ltr'>ὥστε</span> <span class='ocrx_word' id='word_1_138' title='bbox 1412 1956 1451 2004; x_wconf 95' lang='grc' dir='ltr'>σε</span> 
     </span>
     <span class='ocr_line' id='line_1_16' title="bbox 278 2047 1449 2130; baseline -0.001 -19"><span class='ocrx_word' id='word_1_139' title='bbox 278 2053 387 2111; x_wconf 90' lang='grc' dir='ltr'>πεῖσαι</span> <span class='ocrx_word' id='word_1_140' title='bbox 411 2048 514 2112; x_wconf 81' lang='lat' dir='ltr'>Anah.</span> <span class='ocrx_word' id='word_1_141' title='bbox 539 2048 571 2110; x_wconf 88' lang='lat' dir='ltr'>II</span> <span class='ocrx_word' id='word_1_142' title='bbox 593 2047 691 2123; x_wconf 90' lang='grc'><strong>5,15.</strong></span> <span class='ocrx_word' id='word_1_143' title='bbox 725 2049 798 2130; x_wconf 82' lang='lat' dir='ltr'>Oyr.</span> <span class='ocrx_word' id='word_1_144' title='bbox 817 2047 895 2110; x_wconf 87' lang='lat' dir='ltr'>VIII</span> <span class='ocrx_word' id='word_1_145' title='bbox 913 2047 941 2122; x_wconf 87' lang='grc'>6,</span> <span class='ocrx_word' id='word_1_146' title='bbox 961 2048 1011 2110; x_wconf 95' lang='grc'><strong>17.</strong></span> <span class='ocrx_word' id='word_1_147' title='bbox 1043 2047 1126 2111; x_wconf 84' lang='lat' dir='ltr'>IIeII.</span> <span class='ocrx_word' id='word_1_148' title='bbox 1144 2048 1176 2110; x_wconf 95' lang='lat' dir='ltr'>II</span> <span class='ocrx_word' id='word_1_149' title='bbox 1192 2049 1221 2123; x_wconf 88' lang='lat'>4,</span> <span class='ocrx_word' id='word_1_150' title='bbox 1237 2048 1291 2111; x_wconf 84' lang='lat'>40.</span> <span class='ocrx_word' id='word_1_151' title='bbox 1327 2048 1449 2112; x_wconf 78' lang='lat' dir='ltr'>Cemnn</span> 
     </span>
     <span class='ocr_line' id='line_1_17' title="bbox 279 2153 1449 2232; baseline 0 -13"><span class='ocrx_word' id='word_1_152' title='bbox 279 2156 310 2219; x_wconf 94' lang='lat' dir='ltr'>II</span> <span class='ocrx_word' id='word_1_153' title='bbox 337 2156 364 2230; x_wconf 92' lang='grc'>7,</span> <span class='ocrx_word' id='word_1_154' title='bbox 381 2156 411 2218; x_wconf 82' lang='grc'><strong>3.</strong></span> <span class='ocrx_word' id='word_1_155' title='bbox 459 2156 496 2218; x_wconf 90' lang='grc' dir='ltr'>Ιιι</span> <span class='ocrx_word' id='word_1_156' title='bbox 520 2155 597 2220; x_wconf 86' lang='lat' dir='ltr'>Oee.</span> <span class='ocrx_word' id='word_1_157' title='bbox 622 2155 650 2229; x_wconf 84' lang='grc' dir='ltr'>ύ,</span> <span class='ocrx_word' id='word_1_158' title='bbox 669 2156 725 2218; x_wconf 84' lang='lat'>11:</span> <span class='ocrx_word' id='word_1_159' title='bbox 751 2153 879 2232; x_wconf 78' lang='grc' dir='ltr'>ἔφησθα</span> <span class='ocrx_word' id='word_1_160' title='bbox 903 2159 1095 2232; x_wconf 84' lang='grc' dir='ltr'>καταμαθεῖν</span> <span class='ocrx_word' id='word_1_161' title='bbox 1119 2155 1157 2218; x_wconf 92' lang='grc' dir='ltr'>τά</span> <span class='ocrx_word' id='word_1_162' title='bbox 1182 2154 1265 2218; x_wconf 87' lang='grc' dir='ltr'>αίτια</span> <span class='ocrx_word' id='word_1_163' title='bbox 1281 2159 1345 2219; x_wconf 94' lang='grc' dir='ltr'>τῶν</span> <span class='ocrx_word' id='word_1_164' title='bbox 1362 2155 1449 2219; x_wconf 92' lang='grc' dir='ltr'>ούτω</span> 
     </span>
     <span class='ocr_line' id='line_1_18' title="bbox 277 2260 1449 2341; baseline 0.001 -16"><span class='ocrx_word' id='word_1_165' title='bbox 277 2262 508 2340; x_wconf 89' lang='grc' dir='ltr'>γεωργούντων</span> <span class='ocrx_word' id='word_1_166' title='bbox 533 2261 617 2324; x_wconf 88' lang='grc' dir='ltr'>ὥστε</span> <span class='ocrx_word' id='word_1_167' title='bbox 641 2260 705 2324; x_wconf 90' lang='grc' dir='ltr'>ἀπὸ</span> <span class='ocrx_word' id='word_1_168' title='bbox 730 2265 786 2338; x_wconf 89' lang='grc' dir='ltr'>τῆς</span> <span class='ocrx_word' id='word_1_169' title='bbox 811 2262 967 2338; x_wconf 90' lang='grc' dir='ltr'>γεωργίας</span> <span class='ocrx_word' id='word_1_170' title='bbox 992 2261 1147 2341; x_wconf 88' lang='grc' dir='ltr'>ἀφθόνως</span> <span class='ocrx_word' id='word_1_171' title='bbox 1175 2262 1258 2340; x_wconf 83' lang='grc' dir='ltr'>ἔχειν</span> <span class='ocrx_word' id='word_1_172' title='bbox 1288 2263 1386 2327; x_wconf 80' lang='lat' dir='ltr'>verba</span> <span class='ocrx_word' id='word_1_173' title='bbox 1410 2263 1449 2326; x_wconf 90' lang='grc' dir='ltr'>τὰ</span> 
     </span>
     <span class='ocr_line' id='line_1_19' title="bbox 278 2367 1450 2451; baseline 0 -19"><span class='ocrx_word' id='word_1_174' title='bbox 278 2369 362 2432; x_wconf 82' lang='grc' dir='ltr'>αἴτια</span> <span class='ocrx_word' id='word_1_175' title='bbox 385 2372 449 2433; x_wconf 89' lang='grc' dir='ltr'>τῶν</span> <span class='ocrx_word' id='word_1_176' title='bbox 474 2367 559 2432; x_wconf 92' lang='grc' dir='ltr'>ούτω</span> <span class='ocrx_word' id='word_1_177' title='bbox 583 2367 814 2446; x_wconf 91' lang='grc' dir='ltr'>γεωργούντων</span> <span class='ocrx_word' id='word_1_178' title='bbox 836 2389 894 2451; x_wconf 81' lang='lat' dir='ltr'>pre</span> <span class='ocrx_word' id='word_1_179' title='bbox 919 2369 1076 2432; x_wconf 82' lang='lat' dir='ltr'>sententia</span> <span class='ocrx_word' id='word_1_180' title='bbox 1105 2369 1335 2451; x_wconf 75' lang='lat' dir='ltr'>interrogatiVa</span> <span class='ocrx_word' id='word_1_181' title='bbox 1362 2389 1450 2433; x_wconf 83' lang='lat' dir='ltr'><strong>usur-</strong></span> 
     </span>
     <span class='ocr_line' id='line_1_20' title="bbox 277 2475 628 2560; baseline -0.009 -20"><span class='ocrx_word' id='word_1_182' title='bbox 277 2482 355 2560; x_wconf 85' lang='lat' dir='ltr'>pata</span> <span class='ocrx_word' id='word_1_183' title='bbox 378 2495 447 2540; x_wconf 81' lang='lat' dir='ltr'>esse</span> <span class='ocrx_word' id='word_1_184' title='bbox 471 2475 628 2539; x_wconf 82' lang='lat' dir='ltr'>videntur.</span> 
     </span>
    </p>

    <p class='ocr_par' dir='ltr' id='par_1_4' title="bbox 276 2582 1448 3076">
     <span class='ocr_line' id='line_1_21' title="bbox 386 2582 1448 2666; baseline -0.001 -19"><span class='ocrx_word' id='word_1_185' title='bbox 386 2583 500 2648; x_wconf 85' lang='lat' dir='ltr'>Omnia</span> <span class='ocrx_word' id='word_1_186' title='bbox 524 2602 605 2665; x_wconf 86' lang='lat' dir='ltr'>quae</span> <span class='ocrx_word' id='word_1_187' title='bbox 630 2583 794 2663; x_wconf 84' lang='lat' dir='ltr'>hueusque</span> <span class='ocrx_word' id='word_1_188' title='bbox 818 2582 858 2646; x_wconf 91' lang='lat' dir='ltr'>de</span> <span class='ocrx_word' id='word_1_189' title='bbox 876 2582 1079 2648; x_wconf 76' lang='lat' dir='ltr'>consecutivo</span> <span class='ocrx_word' id='word_1_190' title='bbox 1096 2582 1181 2649; x_wconf 92' lang='grc' dir='ltr'>ὥστε</span> <span class='ocrx_word' id='word_1_191' title='bbox 1197 2583 1374 2666; x_wconf 77' lang='lat' dir='ltr'>partIeuIae</span> <span class='ocrx_word' id='word_1_192' title='bbox 1390 2604 1448 2648; x_wconf 80' lang='lat' dir='ltr'>usu</span> 
     </span>
     <span class='ocr_line' id='line_1_22' title="bbox 278 2689 1448 2774; baseline 0 -20"><span class='ocrx_word' id='word_1_193' title='bbox 278 2691 458 2755; x_wconf 81' lang='lat' dir='ltr'><strong>enumeravi</strong></span> <span class='ocrx_word' id='word_1_194' title='bbox 490 2691 637 2774; x_wconf 85' lang='lat' dir='ltr'>exempla</span> <span class='ocrx_word' id='word_1_195' title='bbox 666 2690 855 2754; x_wconf 76' lang='lat' dir='ltr'>infinifivum</span> <span class='ocrx_word' id='word_1_196' title='bbox 884 2691 1055 2773; x_wconf 81' lang='lat' dir='ltr'>postulant,</span> <span class='ocrx_word' id='word_1_197' title='bbox 1080 2689 1156 2773; x_wconf 86' lang='lat' dir='ltr'>quia</span> <span class='ocrx_word' id='word_1_198' title='bbox 1180 2691 1337 2755; x_wconf 85' lang='lat' dir='ltr'>sententia</span> <span class='ocrx_word' id='word_1_199' title='bbox 1361 2698 1448 2755; x_wconf 89' lang='lat' dir='ltr'>ante-</span> 
     </span>
     <span class='ocr_line' id='line_1_23' title="bbox 277 2797 1448 2882; baseline -0.001 -20"><span class='ocrx_word' id='word_1_200' title='bbox 277 2797 394 2862; x_wconf 76' lang='lat' dir='ltr'>cedens</span> <span class='ocrx_word' id='word_1_201' title='bbox 417 2819 479 2862; x_wconf 88' lang='lat' dir='ltr'>non</span> <span class='ocrx_word' id='word_1_202' title='bbox 504 2806 551 2862; x_wconf 81' lang='lat' dir='ltr'>est</span> <span class='ocrx_word' id='word_1_203' title='bbox 575 2798 622 2862; x_wconf 84' lang='lat' dir='ltr'>sui</span> <span class='ocrx_word' id='word_1_204' title='bbox 646 2797 733 2861; x_wconf 84' lang='lat' dir='ltr'>iuris.</span> <span class='ocrx_word' id='word_1_205' title='bbox 786 2797 851 2861; x_wconf 84' lang='lat' dir='ltr'>Sed</span> <span class='ocrx_word' id='word_1_206' title='bbox 884 2799 981 2861; x_wconf 85' lang='lat' dir='ltr'>etiam</span> <span class='ocrx_word' id='word_1_207' title='bbox 1015 2804 1088 2881; x_wconf 82' lang='lat' dir='ltr'>post</span> <span class='ocrx_word' id='word_1_208' title='bbox 1119 2798 1279 2882; x_wconf 68' lang='lat' dir='ltr'>,permulta</span> <span class='ocrx_word' id='word_1_209' title='bbox 1307 2800 1448 2862; x_wconf 86' lang='lat' dir='ltr'>enuntia-</span> 
     </span>
     <span class='ocr_line' id='line_1_24' title="bbox 276 2904 1448 2990; baseline 0.003 -23"><span class='ocrx_word' id='word_1_210' title='bbox 276 2906 397 2968; x_wconf 84' lang='lat' dir='ltr'>tionum</span> <span class='ocrx_word' id='word_1_211' title='bbox 430 2925 557 2988; x_wconf 84' lang='lat' dir='ltr'>genera,</span> <span class='ocrx_word' id='word_1_212' title='bbox 593 2925 674 2986; x_wconf 88' lang='lat' dir='ltr'>quae</span> <span class='ocrx_word' id='word_1_213' title='bbox 707 2925 763 2988; x_wconf 83' lang='lat' dir='ltr'>per</span> <span class='ocrx_word' id='word_1_214' title='bbox 793 2925 827 2968; x_wconf 85' lang='lat' dir='ltr'>se</span> <span class='ocrx_word' id='word_1_215' title='bbox 856 2911 1011 2981; x_wconf 80' lang='lat' dir='ltr'>constant,</span> <span class='ocrx_word' id='word_1_216' title='bbox 1039 2904 1212 2970; x_wconf 81' lang='lat' dir='ltr'>infinitivus</span> <span class='ocrx_word' id='word_1_217' title='bbox 1235 2913 1373 2990; x_wconf 80' lang='lat' dir='ltr'>ponatur</span> <span class='ocrx_word' id='word_1_218' title='bbox 1395 2927 1448 2970; x_wconf 89' lang='lat' dir='ltr'>ne-</span> 
     </span>
     <span class='ocr_line' id='line_1_25' title="bbox 276 3019 447 3076; baseline -0.006 -1"><span class='ocrx_word' id='word_1_219' title='bbox 276 3031 365 3076; x_wconf 81' lang='lat' dir='ltr'>eesse</span> <span class='ocrx_word' id='word_1_220' title='bbox 390 3019 447 3075; x_wconf 81' lang='lat' dir='ltr'>est.</span> 
     </span>
    </p>

    <p class='ocr_par' dir='ltr' id='par_1_5' title="bbox 274 3117 1447 3952">
     <span class='ocr_line' id='line_1_26' title="bbox 383 3117 1447 3202; baseline 0.001 -20"><span class='ocrx_word' id='word_1_221' title='bbox 383 3121 415 3199; x_wconf 86' lang='lat' dir='ltr'>a)</span> <span class='ocrx_word' id='word_1_222' title='bbox 441 3119 606 3183; x_wconf 77' lang='lat' dir='ltr'>Sententia</span> <span class='ocrx_word' id='word_1_223' title='bbox 630 3117 822 3183; x_wconf 75' lang='lat' dir='ltr'>antecedens</span> <span class='ocrx_word' id='word_1_224' title='bbox 846 3125 894 3182; x_wconf 83' lang='lat' dir='ltr'>est</span> <span class='ocrx_word' id='word_1_225' title='bbox 917 3119 1084 3202; x_wconf 85' lang='lat' dir='ltr'>negativa:</span> <span class='ocrx_word' id='word_1_226' title='bbox 1115 3119 1229 3184; x_wconf 86' lang='grc' dir='ltr'>ἐνθάδε</span> <span class='ocrx_word' id='word_1_227' title='bbox 1252 3118 1327 3183; x_wconf 93' lang='grc' dir='ltr'>ούτε</span> <span class='ocrx_word' id='word_1_228' title='bbox 1350 3119 1447 3198; x_wconf 87' lang='grc' dir='ltr'>ἀργύ-</span> 
     </span>
     <span class='ocr_line' id='line_1_27' title="bbox 276 3225 1446 3305; baseline 0.002 -16"><span class='ocrx_word' id='word_1_229' title='bbox 276 3246 346 3304; x_wconf 93' lang='grc' dir='ltr'>ριον</span> <span class='ocrx_word' id='word_1_230' title='bbox 370 3225 483 3304; x_wconf 82' lang='grc' dir='ltr'>ἔχομεν</span> <span class='ocrx_word' id='word_1_231' title='bbox 507 3225 591 3288; x_wconf 89' lang='grc' dir='ltr'>ὥστε</span> <span class='ocrx_word' id='word_1_232' title='bbox 610 3225 779 3303; x_wconf 75' lang='grc' dir='ltr'>ἀγοράζειν</span> <span class='ocrx_word' id='word_1_233' title='bbox 802 3225 905 3291; x_wconf 82' lang='lat' dir='ltr'>Anab.</span> <span class='ocrx_word' id='word_1_234' title='bbox 931 3227 992 3290; x_wconf 94' lang='lat' dir='ltr'>VII</span> <span class='ocrx_word' id='word_1_235' title='bbox 1016 3227 1045 3302; x_wconf 83' lang='lat'>3,</span> <span class='ocrx_word' id='word_1_236' title='bbox 1061 3227 1092 3290; x_wconf 78' lang='lat'>5.</span> <span class='ocrx_word' id='word_1_237' title='bbox 1139 3227 1177 3290; x_wconf 90' lang='grc' dir='ltr'>ού</span> <span class='ocrx_word' id='word_1_238' title='bbox 1195 3228 1305 3305; x_wconf 90' lang='grc' dir='ltr'>δέομαι</span> <span class='ocrx_word' id='word_1_239' title='bbox 1321 3228 1446 3292; x_wconf 91' lang='grc' dir='ltr'>τούτων</span> 
     </span>
     <span class='ocr_line' id='line_1_28' title="bbox 276 3331 1446 3416; baseline 0.003 -20"><span class='ocrx_word' id='word_1_240' title='bbox 276 3333 420 3410; x_wconf 87' lang='grc' dir='ltr'>οὐδενός,</span> <span class='ocrx_word' id='word_1_241' title='bbox 445 3332 529 3396; x_wconf 91' lang='grc' dir='ltr'>ὥστε</span> <span class='ocrx_word' id='word_1_242' title='bbox 553 3347 591 3396; x_wconf 93' lang='grc' dir='ltr'>σε</span> <span class='ocrx_word' id='word_1_243' title='bbox 614 3333 809 3396; x_wconf 81' lang='grc' dir='ltr'>κινδυνεύειν</span> <span class='ocrx_word' id='word_1_244' title='bbox 833 3331 907 3416; x_wconf 76' lang='lat' dir='ltr'>Cyn.</span> <span class='ocrx_word' id='word_1_245' title='bbox 925 3334 940 3396; x_wconf 92' lang='grc' dir='ltr'>Ι</span> <span class='ocrx_word' id='word_1_246' title='bbox 955 3334 985 3408; x_wconf 90' lang='grc'>4,</span> <span class='ocrx_word' id='word_1_247' title='bbox 1004 3335 1055 3396; x_wconf 88' lang='grc'><strong>10.</strong></span> <span class='ocrx_word' id='word_1_248' title='bbox 1101 3333 1254 3412; x_wconf 88' lang='grc' dir='ltr'>ἀργύριον</span> <span class='ocrx_word' id='word_1_249' title='bbox 1271 3335 1379 3413; x_wconf 92' lang='grc' dir='ltr'>οὐδείς</span> <span class='ocrx_word' id='word_1_250' title='bbox 1395 3358 1446 3399; x_wconf 96' lang='grc' dir='ltr'>πω</span> 
     </span>
     <span class='ocr_line' id='line_1_29' title="bbox 276 3439 1445 3521; baseline 0.004 -19"><span class='ocrx_word' id='word_1_251' title='bbox 276 3439 362 3503; x_wconf 88' lang='grc' dir='ltr'>οὕτω</span> <span class='ocrx_word' id='word_1_252' title='bbox 386 3441 468 3503; x_wconf 85' lang='grc' dir='ltr'>πολὺ</span> <span class='ocrx_word' id='word_1_253' title='bbox 494 3441 650 3517; x_wconf 82' lang='grc' dir='ltr'>ἐκτήσατο</span> <span class='ocrx_word' id='word_1_254' title='bbox 675 3439 759 3502; x_wconf 90' lang='grc' dir='ltr'>ὥστε</span> <span class='ocrx_word' id='word_1_255' title='bbox 784 3441 823 3518; x_wconf 91' lang='grc' dir='ltr'>μὴ</span> <span class='ocrx_word' id='word_1_256' title='bbox 848 3439 893 3503; x_wconf 84' lang='grc' dir='ltr'>έτι</span> <span class='ocrx_word' id='word_1_257' title='bbox 917 3444 1129 3518; x_wconf 92' lang='grc' dir='ltr'>προσδεῖσθαι</span> <span class='ocrx_word' id='word_1_258' title='bbox 1154 3442 1245 3506; x_wconf 88' lang='lat' dir='ltr'>Veet.</span> <span class='ocrx_word' id='word_1_259' title='bbox 1269 3444 1299 3518; x_wconf 91' lang='grc'>4,</span> <span class='ocrx_word' id='word_1_260' title='bbox 1317 3443 1346 3507; x_wconf 91' lang='grc'><strong>7.</strong></span> <span class='ocrx_word' id='word_1_261' title='bbox 1387 3445 1445 3521; x_wconf 85' lang='grc' dir='ltr'>χρὴ</span> 
     </span>
     <span class='ocr_line' id='line_1_30' title="bbox 274 3545 1445 3630; baseline 0.003 -20"><span class='ocrx_word' id='word_1_262' title='bbox 274 3547 319 3624; x_wconf 88' lang='grc' dir='ltr'>εἰς</span> <span class='ocrx_word' id='word_1_263' title='bbox 343 3551 492 3610; x_wconf 82' lang='grc' dir='ltr'>τοιοῦτον</span> <span class='ocrx_word' id='word_1_264' title='bbox 516 3546 626 3623; x_wconf 91' lang='grc' dir='ltr'>ἀγῶνα</span> <span class='ocrx_word' id='word_1_265' title='bbox 650 3548 807 3625; x_wconf 90' lang='grc' dir='ltr'>μηδέποτε</span> <span class='ocrx_word' id='word_1_266' title='bbox 842 3553 1036 3626; x_wconf 89' lang='grc' dir='ltr'>καταστῆναι</span> <span class='ocrx_word' id='word_1_267' title='bbox 1060 3545 1137 3611; x_wconf 76' lang='grc' dir='ltr'>ὥστ’</span> <span class='ocrx_word' id='word_1_268' title='bbox 1162 3550 1181 3626; x_wconf 88' lang='grc' dir='ltr'>ἢ</span> <span class='ocrx_word' id='word_1_269' title='bbox 1205 3549 1311 3613; x_wconf 87' lang='grc' dir='ltr'>πάντα</span> <span class='ocrx_word' id='word_1_270' title='bbox 1336 3554 1445 3630; x_wconf 85' lang='grc' dir='ltr'>λαβεῖν</span> 
     </span>
     <span class='ocr_line' id='line_1_31' title="bbox 274 3651 1443 3736; baseline 0.004 -20"><span class='ocrx_word' id='word_1_271' title='bbox 274 3654 293 3731; x_wconf 84' lang='grc' dir='ltr'>ἢ</span> <span class='ocrx_word' id='word_1_272' title='bbox 318 3651 410 3718; x_wconf 87' lang='grc' dir='ltr'>πάντ’</span> <span class='ocrx_word' id='word_1_273' title='bbox 436 3653 612 3733; x_wconf 88' lang='grc' dir='ltr'>ἀποβαλεῖν</span> <span class='ocrx_word' id='word_1_274' title='bbox 637 3655 719 3718; x_wconf 90' lang='lat' dir='ltr'>HeII.</span> <span class='ocrx_word' id='word_1_275' title='bbox 737 3655 782 3718; x_wconf 94' lang='lat' dir='ltr'>VI</span> <span class='ocrx_word' id='word_1_276' title='bbox 799 3655 827 3730; x_wconf 83' lang='lat'>3,</span> <span class='ocrx_word' id='word_1_277' title='bbox 847 3657 884 3719; x_wconf 91' lang='grc'>17</span> <span class='ocrx_word' id='word_1_278' title='bbox 922 3656 1005 3719; x_wconf 89' lang='grc' dir='ltr'>πολὺ</span> <span class='ocrx_word' id='word_1_279' title='bbox 1035 3652 1063 3717; x_wconf 83' lang='grc' dir='ltr'>δ’</span> <span class='ocrx_word' id='word_1_280' title='bbox 1089 3656 1149 3734; x_wconf 88' lang='grc' dir='ltr'>οὐχ</span> <span class='ocrx_word' id='word_1_281' title='bbox 1173 3655 1299 3720; x_wconf 84' lang='grc' dir='ltr'>οἷόντε</span> <span class='ocrx_word' id='word_1_282' title='bbox 1322 3679 1443 3736; x_wconf 91' lang='grc' dir='ltr'>μετακι-</span> 
     </span>
     <span class='ocr_line' id='line_1_32' title="bbox 275 3761 1442 3846; baseline 0.003 -21"><span class='ocrx_word' id='word_1_283' title='bbox 275 3765 342 3825; x_wconf 87' lang='grc' dir='ltr'>νεῖν</span> <span class='ocrx_word' id='word_1_284' title='bbox 367 3761 451 3824; x_wconf 89' lang='grc' dir='ltr'>ῶστε</span> <span class='ocrx_word' id='word_1_285' title='bbox 475 3763 515 3839; x_wconf 83' lang='grc' dir='ltr'>μὴ</span> <span class='ocrx_word' id='word_1_286' title='bbox 540 3761 611 3839; x_wconf 86' lang='grc' dir='ltr'>οὐχὶ</span> <span class='ocrx_word' id='word_1_287' title='bbox 634 3765 691 3839; x_wconf 87' lang='grc' dir='ltr'>τῆς</span> <span class='ocrx_word' id='word_1_288' title='bbox 716 3762 928 3840; x_wconf 81' lang='grc' dir='ltr'>δημοκρατίας</span> <span class='ocrx_word' id='word_1_289' title='bbox 953 3761 1103 3841; x_wconf 89' lang='grc' dir='ltr'>ἀφαιρεῖν</span> <span class='ocrx_word' id='word_1_290' title='bbox 1126 3784 1156 3826; x_wconf 91' lang='grc' dir='ltr'>τι</span> <span class='ocrx_word' id='word_1_291' title='bbox 1180 3763 1241 3846; x_wconf 91' lang='lat' dir='ltr'>Rp.</span> <span class='ocrx_word' id='word_1_292' title='bbox 1267 3762 1341 3827; x_wconf 69' lang='lat' dir='ltr'>Aah.</span> <span class='ocrx_word' id='word_1_293' title='bbox 1367 3766 1396 3840; x_wconf 90' lang='lat'>3,</span> <span class='ocrx_word' id='word_1_294' title='bbox 1413 3765 1442 3828; x_wconf 85' lang='grc'><strong>8.</strong></span> 
     </span>
     <span class='ocr_line' id='line_1_33' title="bbox 275 3867 1443 3952; baseline 0.002 -19"><span class='ocrx_word' id='word_1_295' title='bbox 275 3867 349 3952; x_wconf 79' lang='lat' dir='ltr'>Cyn.</span> <span class='ocrx_word' id='word_1_296' title='bbox 375 3868 407 3930; x_wconf 94' lang='lat' dir='ltr'>II</span> <span class='ocrx_word' id='word_1_297' title='bbox 434 3869 459 3943; x_wconf 88' lang='lat'>1,</span> <span class='ocrx_word' id='word_1_298' title='bbox 476 3867 529 3931; x_wconf 82' lang='lat'>25.</span> <span class='ocrx_word' id='word_1_299' title='bbox 562 3868 590 3931; x_wconf 91' lang='lat' dir='ltr'>V</span> <span class='ocrx_word' id='word_1_300' title='bbox 617 3869 712 3944; x_wconf 93' lang='grc'><strong>1,17.</strong></span> <span class='ocrx_word' id='word_1_301' title='bbox 747 3869 790 3931; x_wconf 92' lang='lat' dir='ltr'>VI</span> <span class='ocrx_word' id='word_1_302' title='bbox 809 3871 835 3944; x_wconf 89' lang='lat'>1,</span> <span class='ocrx_word' id='word_1_303' title='bbox 852 3869 904 3934; x_wconf 84' lang='lat'>36.</span> <span class='ocrx_word' id='word_1_304' title='bbox 937 3870 1000 3932; x_wconf 87' lang='lat' dir='ltr'>VII</span> <span class='ocrx_word' id='word_1_305' title='bbox 1016 3870 1045 3945; x_wconf 88' lang='grc'>5,</span> <span class='ocrx_word' id='word_1_306' title='bbox 1063 3869 1115 3934; x_wconf 88' lang='grc'><strong>75.</strong></span> <span class='ocrx_word' id='word_1_307' title='bbox 1147 3871 1176 3946; x_wconf 88' lang='grc'>5,</span> <span class='ocrx_word' id='word_1_308' title='bbox 1194 3871 1246 3934; x_wconf 85' lang='grc'><strong>80.</strong></span> <span class='ocrx_word' id='word_1_309' title='bbox 1293 3871 1376 3935; x_wconf 92' lang='lat' dir='ltr'>HeII.</span> <span class='ocrx_word' id='word_1_310' title='bbox 1400 3873 1443 3936; x_wconf 94' lang='lat' dir='ltr'>VI</span> 
     </span>
    </p>
   </div>
   <div class='ocr_carea' id='block_1_3' title="bbox 273 3974 1545 4064">
    <p class='ocr_par' dir='ltr' id='par_1_6' title="bbox 273 3974 1545 4064">
     <span class='ocr_line' id='line_1_34' title="bbox 273 3974 1545 4064; baseline 0.005 -27"><span class='ocrx_word' id='word_1_311' title='bbox 273 3976 302 4049; x_wconf 91' lang='lat'>4,</span> <span class='ocrx_word' id='word_1_312' title='bbox 319 3975 372 4037; x_wconf 93' lang='lat'>22.</span> <span class='ocrx_word' id='word_1_313' title='bbox 405 3974 507 4040; x_wconf 83' lang='lat' dir='ltr'>Anab.</span> <span class='ocrx_word' id='word_1_314' title='bbox 536 3975 613 4051; x_wconf 93' lang='lat' dir='ltr'>V2,</span> <span class='ocrx_word' id='word_1_315' title='bbox 633 3978 660 4039; x_wconf 88' lang='lat'>1.</span> <span class='ocrx_word' id='word_1_316' title='bbox 693 3977 738 4040; x_wconf 95' lang='lat' dir='ltr'>VI</span> <span class='ocrx_word' id='word_1_317' title='bbox 762 3977 791 4051; x_wconf 84' lang='lat'>6,</span> <span class='ocrx_word' id='word_1_318' title='bbox 808 3977 860 4040; x_wconf 86' lang='grc'><strong>37.</strong></span> <span class='ocrx_word' id='word_1_319' title='bbox 908 3975 1027 4040; x_wconf 79' lang='lat' dir='ltr'>Comm.</span> <span class='ocrx_word' id='word_1_320' title='bbox 1053 3978 1068 4040; x_wconf 94' lang='lat' dir='ltr'>I</span> <span class='ocrx_word' id='word_1_321' title='bbox 1093 3978 1121 4053; x_wconf 85' lang='grc'>3,</span> <span class='ocrx_word' id='word_1_322' title='bbox 1138 3977 1169 4041; x_wconf 91' lang='grc'><strong>5.</strong></span> <span class='ocrx_word' id='word_1_323' title='bbox 1201 3978 1357 4054; x_wconf 84' lang='lat'>113,10.</span> <span class='ocrx_word' id='word_1_324' title='bbox 1394 3980 1442 4042; x_wconf 96' lang='lat' dir='ltr'>III</span> <span class='ocrx_word' id='word_1_325' title='bbox 1544 4053 1545 4064; x_wconf 10' lang='grc' dir='ltr'>χ</span> 
     </span>
    </p>
   </div>
   <div class='ocr_carea' id='block_1_4' title="bbox 272 4081 1545 4275">
    <p class='ocr_par' dir='ltr' id='par_1_7' title="bbox 272 4081 1545 4275">
     <span class='ocr_line' id='line_1_35' title="bbox 272 4081 1545 4184; baseline 0.004 -39"><span class='ocrx_word' id='word_1_326' title='bbox 272 4082 301 4157; x_wconf 88' lang='grc'>6,</span> <span class='ocrx_word' id='word_1_327' title='bbox 320 4083 371 4145; x_wconf 92' lang='grc'><strong>12.</strong></span> <span class='ocrx_word' id='word_1_328' title='bbox 419 4081 495 4146; x_wconf 79' lang='lat' dir='ltr'>Oen.</span> <span class='ocrx_word' id='word_1_329' title='bbox 520 4083 618 4158; x_wconf 88' lang='grc'><strong>2,13.</strong></span> <span class='ocrx_word' id='word_1_330' title='bbox 651 4083 748 4158; x_wconf 84' lang='lat'>8,13.</span> <span class='ocrx_word' id='word_1_331' title='bbox 783 4084 901 4159; x_wconf 73' lang='grc'><strong>16,12.</strong></span> <span class='ocrx_word' id='word_1_332' title='bbox 948 4083 1035 4147; x_wconf 83' lang='grc' dir='ltr'>Ηίοι.</span> <span class='ocrx_word' id='word_1_333' title='bbox 1055 4086 1151 4159; x_wconf 88' lang='grc'><strong>1,12.</strong></span> <span class='ocrx_word' id='word_1_334' title='bbox 1198 4085 1440 4169; x_wconf 78' lang='lat' dir='ltr'>Rp.nth.3‚6.</span> <span class='ocrx_word' id='word_1_335' title='bbox 1544 4177 1545 4184; x_wconf 6' lang='grc' dir='ltr'>ἵ</span> 
     </span>
     <span class='ocr_line' id='line_1_36' title="bbox 272 4188 1545 4275; baseline 0.004 -23"><span class='ocrx_word' id='word_1_336' title='bbox 272 4188 310 4252; x_wconf 85' lang='lat' dir='ltr'>R.</span> <span class='ocrx_word' id='word_1_337' title='bbox 334 4208 405 4270; x_wconf 89' lang='lat' dir='ltr'>equ.</span> <span class='ocrx_word' id='word_1_338' title='bbox 432 4190 552 4271; x_wconf 77' lang='lat'>10,12.</span> <span class='ocrx_word' id='word_1_339' title='bbox 577 4196 633 4253; x_wconf 85' lang='lat' dir='ltr'>aut</span> <span class='ocrx_word' id='word_1_340' title='bbox 655 4191 786 4256; x_wconf 88' lang='lat' dir='ltr'>verbum</span> <span class='ocrx_word' id='word_1_341' title='bbox 808 4190 959 4273; x_wconf 84' lang='lat' dir='ltr'>negativo</span> <span class='ocrx_word' id='word_1_342' title='bbox 976 4211 1069 4256; x_wconf 79' lang='lat' dir='ltr'>senen</span> <span class='ocrx_word' id='word_1_343' title='bbox 1085 4191 1265 4275; x_wconf 86' lang='lat' dir='ltr'>praeditum</span> <span class='ocrx_word' id='word_1_344' title='bbox 1286 4193 1439 4257; x_wconf 82' lang='lat' dir='ltr'>eontinet:</span> <span class='ocrx_word' id='word_1_345' title='bbox 1544 4209 1545 4216; x_wconf 53' lang='lat'>¹</span> 
     </span>
    </p>
   </div>
   <div class='ocr_carea' id='block_1_5' title="bbox 271 4296 1545 4382">
    <p class='ocr_par' dir='ltr' id='par_1_8' title="bbox 271 4296 1545 4382">
     <span class='ocr_line' id='line_1_37' title="bbox 271 4296 1545 4382; baseline 0.001 -23"><span class='ocrx_word' id='word_1_346' title='bbox 271 4299 403 4360; x_wconf 88' lang='grc' dir='ltr'>πολλῶν</span> <span class='ocrx_word' id='word_1_347' title='bbox 430 4297 531 4360; x_wconf 87' lang='grc' dir='ltr'>ἐνέδει</span> <span class='ocrx_word' id='word_1_348' title='bbox 559 4297 645 4380; x_wconf 86' lang='grc' dir='ltr'>αύτῷ</span> <span class='ocrx_word' id='word_1_349' title='bbox 675 4296 760 4360; x_wconf 89' lang='grc' dir='ltr'>ὥστε</span> <span class='ocrx_word' id='word_1_350' title='bbox 787 4298 905 4376; x_wconf 88' lang='grc' dir='ltr'>ἡμέρας</span> <span class='ocrx_word' id='word_1_351' title='bbox 935 4302 1029 4361; x_wconf 87' lang='grc' dir='ltr'>σῖτον</span> <span class='ocrx_word' id='word_1_352' title='bbox 1057 4298 1181 4382; x_wconf 87' lang='grc' dir='ltr'>ἑκάστῳ</span> <span class='ocrx_word' id='word_1_353' title='bbox 1205 4300 1354 4375; x_wconf 88' lang='grc' dir='ltr'>γενέσθαι</span> <span class='ocrx_word' id='word_1_354' title='bbox 1377 4304 1441 4363; x_wconf 92' lang='grc' dir='ltr'>τῶν</span> <span class='ocrx_word' id='word_1_355' title='bbox 1544 4303 1545 4360; x_wconf 70' lang='lat'><em>3</em></span> 
     </span>
    </p>
   </div>
   <div class='ocr_carea' id='block_1_6' title="bbox 272 4405 1390 4489">
    <p class='ocr_par' dir='ltr' id='par_1_9' title="bbox 272 4405 1390 4489">
     <span class='ocr_line' id='line_1_38' title="bbox 272 4405 1390 4489; baseline 0.004 -23"><span class='ocrx_word' id='word_1_356' title='bbox 272 4407 479 4481; x_wconf 83' lang='grc' dir='ltr'>στρατιωτῶν</span> <span class='ocrx_word' id='word_1_357' title='bbox 503 4405 606 4468; x_wconf 86' lang='lat' dir='ltr'>Anab.</span> <span class='ocrx_word' id='word_1_358' title='bbox 632 4405 694 4468; x_wconf 90' lang='lat' dir='ltr'>VII</span> <span class='ocrx_word' id='word_1_359' title='bbox 721 4408 748 4488; x_wconf 89' lang='lat'>1,</span> <span class='ocrx_word' id='word_1_360' title='bbox 765 4406 818 4468; x_wconf 88' lang='grc'>41.</span> <span class='ocrx_word' id='word_1_361' title='bbox 866 4406 962 4489; x_wconf 86' lang='grc' dir='ltr'>Ηίρρ.</span> <span class='ocrx_word' id='word_1_362' title='bbox 989 4406 1016 4481; x_wconf 91' lang='grc'>7,</span> <span class='ocrx_word' id='word_1_363' title='bbox 1035 4407 1064 4469; x_wconf 94' lang='grc'>7.</span> <span class='ocrx_word' id='word_1_364' title='bbox 1112 4406 1232 4470; x_wconf 81' lang='grc' dir='ltr'>Οοιιιιιι.</span> <span class='ocrx_word' id='word_1_365' title='bbox 1257 4407 1290 4469; x_wconf 95' lang='lat' dir='ltr'>II</span> <span class='ocrx_word' id='word_1_366' title='bbox 1314 4409 1343 4484; x_wconf 83' lang='grc'>8,</span> <span class='ocrx_word' id='word_1_367' title='bbox 1360 4408 1390 4472; x_wconf 84' lang='grc'><strong>5.</strong></span> 
     </span>
    </p>
   </div>
   <div class='ocr_carea' id='block_1_7' title="bbox 0 0 1570 5116">
    <p class='ocr_par' dir='ltr' id='par_1_10' title="bbox 0 0 1570 5116">
     <span class='ocr_line' id='line_1_39' title="bbox 0 0 1570 5116; baseline 0 4"><span class='ocrx_word' id='word_1_368' title='bbox 0 0 1570 5116; x_wconf 95' lang='lat' dir='ltr'> </span> 
     </span>
    </p>
   </div>
  </div>
 </body>
</html>
