3132 5116
760 375 935 442 44..

263 561 472 650 ἐφοβήθησαν
497 564 547 634 καί
572 567 648 649 μετὰ
672 568 730 647 τὰς
754 570 901 650 φυλακὰς
926 570 1005 647 αὐτὴ
1030 569 1048 647 ἡ
1073 564 1205 649 στρατιὴ
1235 561 1320 634 οὕτω
1351 559 1437 634 ὥστε

263 679 523 756 τετρακισχιλίων
547 683 702 756 κρατῆσαι
727 682 848 755 νεκρῶν
872 678 922 741 καί
946 677 1094 740 ἀσπίδων
1118 677 1250 754 Φωκέας
1278 676 1358 740 VIII
1381 677 1436 740 27.

263 783 359 862 οὗτος
385 786 481 862 μέγας
506 783 592 849 οὕτω
616 784 712 864 ἐρρύη
737 783 822 848 ὥστε
846 786 921 862 τούς
950 785 1066 861 ἱππέας
1096 786 1135 862 μὴ
1166 783 1256 861 οἵους
1286 805 1320 847 τε
1348 784 1437 859 γενέ-

263 897 338 954 σθαι
368 896 514 969 διαβῆναι
547 891 623 954 VIII
651 891 723 954 138.
781 892 933 969 ἐνίκησαν
961 892 1038 968 τούς
1069 891 1265 968 Κυρηναίους
1295 894 1436 954 τοσοῦτο

263 997 348 1061 ὥστε
373 997 630 1077 ἑπτακισχιλίους
655 997 789 1075 ὁπλίτας
808 999 993 1076 Κυρηναίων
1010 999 1148 1062 ἐνθαῦτα
1163 1001 1275 1061 πεσεῖν
1300 997 1345 1061 IV
1360 997 1436 1060 160.

369 1105 400 1168 3.
437 1125 502 1168 aor.
528 1110 560 1168 et
582 1124 685 1188 praes.
710 1097 766 1168 inf.
790 1111 863 1190 post
886 1124 951 1168 aor.
976 1102 1042 1168 ind.
1071 1104 1219 1182 διορύξας
1243 1106 1300 1168 τὸν
1323 1108 1437 1182 τοῖχον

262 1211 384 1290 ἀπέδρη
410 1196 447 1289 ἐς
468 1212 588 1288 Τεγέην
611 1212 668 1289 τὰς
693 1213 750 1290 μὲν
774 1211 889 1289 νύκτας
914 1211 1142 1289 πορευόμενος,
1175 1212 1232 1289 τὰς
1257 1213 1291 1273 δὲ
1315 1211 1436 1288 ἡμέρας

263 1318 451 1382 καταδύνων
476 1318 510 1395 ἐς
534 1317 615 1395 ύλην
639 1320 689 1381 καί
714 1319 929 1396 αὐλιζόμενος,
960 1317 1045 1381 οὕτω
1070 1317 1154 1381 ὥστε
1178 1317 1436 1396 Λακεδαιμονίων

262 1427 419 1503 πανδημεί
444 1426 620 1504 διζημένων
644 1425 731 1508 τρίτη
756 1425 900 1508 εὐφρόνῃ
924 1425 1073 1500 γενέσθαι
1097 1426 1132 1488 ἐν
1156 1425 1263 1507 Τεγέῃ,
1298 1425 1375 1501 τοὺς
1400 1425 1436 1486 δὲ

262 1532 297 1595 ἐν
321 1532 442 1610 θώματι
467 1531 593 1615 μεγάλῳ
619 1532 784 1610 ἐνέχεσθαι
808 1536 865 1609 τῆς
890 1533 1009 1609 τόλμης
1034 1532 1082 1595 IX
1106 1532 1159 1595 37.

369 1640 405 1702 ln
429 1639 587 1702 nonnullis
611 1637 722 1702 horum
745 1639 886 1703 locorum
910 1637 996 1702 ούτω
1020 1659 1083 1702 nou
1106 1637 1149 1702 ad
1176 1638 1318 1721 singulas
1341 1658 1436 1702 vocu-

261 1745 309 1810 las
344 1747 519 1829 portinere,
559 1744 616 1809 sod
651 1745 748 1808 totius
783 1745 1008 1809 enuntiationis
1043 1745 1213 1829 primariae
1249 1744 1436 1826 qualitatem

262 1851 398 1916 eundern
422 1851 455 1916 in
478 1851 607 1917 modum
632 1850 902 1936 comprehendere
924 1873 963 1916 ac
981 1859 1122 1916 nostrum
1147 1851 1202 1916 ‘so'
1229 1851 1261 1915 in
1285 1851 1333 1916 ‘so
1347 1851 1436 1915 dass’

262 1959 313 2023 vel
336 1957 487 2022 Latinum
511 1957 585 2022 ‘ita'
609 1958 641 2022 in
665 1957 725 2022 ‘ita
748 1958 796 2022 ut'
823 1963 909 2022 recte
937 1960 1059 2023 monuit
1082 1957 1198 2023 Seume
1223 1979 1253 2042 p.
1278 1958 1336 2039 353
1374 1957 1437 2022 huc

264 2064 432 2129 referenda
456 2070 528 2129 sunt
553 2085 592 2128 cx
616 2064 772 2149 exemplis
796 2085 892 2148 supra
915 2065 1035 2129 allatis:
1072 2065 1152 2128 VIII
1168 2066 1221 2129 27.
1245 2065 1294 2128 ΙΧ
1310 2065 1364 2128 37.
1381 2065 1435 2128 61.

265 2171 305 2234 13
331 2171 377 2250 (in
406 2173 548 2235 oratione
578 2171 708 2252 obliqua
731 2172 780 2234 III
806 2172 893 2252 106).
941 2171 1063 2236 Ceteris
1087 2178 1193 2235 autern
1217 2172 1296 2236 locis
1319 2172 1335 2234 I
1359 2173 1435 2234 212.

263 2278 342 2341 VIII
368 2279 441 2341 144.
478 2278 526 2340 IX
552 2279 593 2342 10
629 2279 712 2357 (19.
743 2278 788 2342 IV
815 2278 877 2342 136
907 2278 992 2342 ὥστε
1015 2278 1205 2363 particulam
1229 2277 1315 2341 finali
1339 2297 1435 2342 sensu

261 2383 441 2468 praeditam
465 2383 629 2464 exhibent)
654 2383 739 2448 οὕτω
765 2385 952 2450 adverbium
975 2385 1017 2448 ad
1038 2385 1179 2468 singulas
1196 2405 1291 2450 voces
1308 2385 1435 2449 accedit

260 2511 364 2572 neque
382 2491 475 2555 aliter
493 2499 678 2575 usurpatum
697 2512 765 2556 esse
784 2491 976 2556 censendum
994 2499 1043 2556 est
1060 2499 1156 2574 atque
1180 2492 1266 2555 οὕτω
1290 2492 1322 2555 in
1347 2491 1434 2555 obrui

261 2599 356 2677 ἐρρύη
382 2599 466 2663 ὥστε
495 2600 573 2664 VIII
601 2600 662 2662 138
699 2607 730 2663 et
765 2605 904 2664 τοσοῦτο
934 2599 967 2663 ίιι
996 2601 1148 2677 ἐνίκησαν
1177 2602 1317 2663 τοσούτο
1349 2599 1434 2663 ὥστε

262 2706 307 2770 IV
333 2706 406 2770 160.
453 2705 652 2787 Quamquam
681 2706 780 2789 igitur
809 2705 895 2790 apud
919 2706 1116 2770 Herodotum
1146 2705 1231 2770 ούτω
1257 2706 1342 2770 ὥστε
1367 2726 1435 2770 sae-

260 2812 332 2896 pius
356 2814 388 2877 in
412 2833 507 2875 unum
532 2812 686 2877 coaluisse
711 2812 838 2877 videtur
866 2821 962 2895 atque
992 2812 1104 2877 eodem
1133 2833 1262 2877 munere
1291 2813 1435 2896 fungitur

261 2940 322 3001 quo
347 2918 434 3005 apud
458 2924 580 2983 ceteros
604 2920 739 3003 simplex
763 2919 848 2983 ὥστε
873 2919 1001 3000 (Seume
1017 2941 1049 3004 p.
1064 2920 1132 3001 36),
1157 2927 1263 2984 tamen
1287 2920 1348 2984 hoc
1372 2927 1435 2984 sta-

261 3026 413 3090 tuendum
437 3033 484 3090 cst
508 3026 662 3091 infinitivo
687 3028 727 3091 ab
753 3027 837 3091 ὥστε
861 3027 1020 3111 particula
1036 3027 1195 3111 pendente
1211 3034 1243 3091 et
1258 3029 1434 3111 praemisso

261 3143 292 3198 ct
316 3154 378 3197 non
405 3134 580 3217 praemisso
609 3135 794 3218 pronomine
824 3135 874 3199 vel
904 3133 1058 3198 adverbio
1088 3133 1337 3197 demonstrativo
1367 3155 1434 3197 rem

260 3261 373 3305 revera
398 3246 599 3305 consecutam
624 3240 770 3324 exprimi.

368 3347 515 3412 Omnium
539 3354 655 3429 autem,
681 3368 762 3429 quac
786 3346 873 3432 apud
897 3348 1094 3413 Herodotum
1118 3355 1296 3430 occurrunt,
1330 3368 1435 3412 exem-

260 3454 383 3538 plorum
408 3455 582 3519 clarissime
606 3455 688 3519 hanc
712 3455 796 3519 ὥστε
820 3456 996 3539 particulae
1020 3457 1084 3520 vim
1109 3455 1260 3520 exhibere
1288 3455 1366 3518 mihi
1390 3457 1435 3520 vi-

261 3561 354 3624 nau-
377 3561 466 3644 ιιιιι,
492 3560 664 3643 quodiam
689 3562 903 3645 supinatur,
929 3563 1008 3626 vm
1021 3563 1078 3626 aa:
1104 3564 1161 3626 τιν
1179 3564 1217 3640 ιη
1234 3561 1435 3640 περιάγουσα
1555 3535 1556 3570 ³

261 3667 324 3747 ἅμα
353 3673 437 3732 τοῖσι
465 3669 613 3752 Πέρσῃσι
643 3670 710 3747 ἥλω
741 3673 820 3746 νηῦς
849 3670 868 3747 ἡ
893 3671 1044 3747 Σιδωνίη,
1080 3669 1165 3733 ὥστε
1188 3670 1318 3746 Πυθέην
1347 3667 1434 3732 οὕτω

261 3781 404 3854 σωθῆναι
428 3777 462 3853 ές
487 3776 625 3853 Αἴγιναν,
660 3797 734 3839 nam
758 3775 944 3840 adverbium
969 3776 1054 3840 οὕτω
1083 3777 1115 3840 in
1145 3776 1302 3840 sententia
1327 3795 1435 3839 conse·
1555 3795 1556 3818 ι

261 3883 369 3947 cutiva
391 3883 530 3966 positum
554 3881 648 3946 docet
678 3882 763 3946 ὥστε
792 3882 982 3967 particulam
1013 3881 1055 3946 ad
1084 3902 1257 3967 pronomen
1286 3883 1318 3945 in
1348 3887 1435 3946 ante·
1555 3923 1556 3932 .

261 3989 395 4053 cedente
417 3991 577 4054 sententia
599 3989 811 4074 supplendum
835 4011 898 4053 non
922 3989 1122 4053 referendum
1147 4009 1225 4072 esse,
1262 3989 1318 4054 sed
1348 4009 1435 4073 pror·
1555 3975 1556 4068 ᾗ

260 4115 313 4160 sus
337 4095 461 4178 seiungi
484 4116 578 4180 posse
602 4081 792 4160 sententiam
810 4096 1047 4161 consecutivam
1064 4117 1083 4160 a
1099 4096 1256 4160 sententia
1271 4095 1433 4180 primaria.

367 4204 480 4284 Neque
515 4208 630 4285 tamen,
666 4209 701 4266 ut
735 4204 799 4266 iarn
834 4223 929 4287 supra
966 4201 1044 4285 dixi,
1080 4201 1133 4267 hic
1167 4222 1242 4267 usus
1276 4203 1433 4284 infinitivi,

260 4309 379 4394 quippe
403 4311 457 4392 qui
481 4316 514 4374 et
536 4309 701 4375 modorum
726 4317 759 4374 et
782 4316 958 4395 temporum
984 4316 1069 4374 certo
1095 4309 1276 4374 discrimine
1300 4317 1433 4390 careret,

261 4417 439 4482 sufficiebat
474 4416 516 4481 ad
552 4417 810 4483 consecutionum
845 4417 935 4482 varia
968 4437 1087 4500 genera
1122 4415 1341 4503 exprimenda,
1377 4415 1433 4485 sod
