3132 5116
773 405 878 469 750
918 436 947 444 .-

277 588 384 652 tentiis
407 586 554 652 finalibus
574 588 710 652 occurrit
735 587 776 651 cf.
789 588 917 669 Weber,
942 587 1374 672 Entvvichlungsgesohichte
1391 589 1464 654 der

277 694 516 759 Absichtsstttze
541 695 623 759 145
649 695 841 777 (thrnburg
866 695 975 774 1884).

381 803 553 866 Praeterea
577 800 749 866 infinitivus
778 801 957 886 postulatur
985 808 1058 885 post
1087 801 1168 867 haec
1199 805 1462 868 enuntiationum

275 929 404 992 genera,
430 929 511 990 quae
535 929 592 993 per
617 929 650 973 se
675 914 836 974 constant:

384 1018 412 1079 1.
436 1022 509 1100 post
533 1016 717 1097 sententias,
744 1035 826 1098 quae
842 1018 1028 1099 negativum
1046 1036 1172 1080 sensum
1188 1019 1352 1101 praebent,
1378 1040 1461 1084 cum

382 1125 414 1203 α)
439 1130 494 1187 aut
524 1125 728 1206 negationem
760 1124 958 1188 contineant:
997 1124 1035 1186 οὐ
1066 1126 1122 1201 μὲν
1152 1125 1228 1188 οὐδὲ
1256 1126 1275 1204 ἡ
1302 1128 1459 1204 βασιληίη

275 1233 309 1309 ἐς
323 1231 532 1310 Ἁλέξανδρον
549 1233 678 1310 περιήιε,
703 1231 789 1295 ὥστε
805 1233 959 1310 γέροντος
977 1232 1125 1310 Πριάμου
1142 1233 1254 1310 ἐόντος
1271 1230 1320 1297 ἐπ’
1339 1234 1458 1318 ἐκείνῳ

274 1339 314 1402 τὰ
337 1339 506 1418 πρήγματα
529 1338 610 1403 εἶναι
634 1339 710 1403 Her.
735 1339 768 1402 H
794 1340 867 1403 120.

383 1448 413 1526 β)
439 1453 494 1510 aut
519 1445 772 1529 comparativum
799 1466 869 1510 curn
894 1447 912 1524 ἤ
939 1445 1157 1510 coniunctum:
1194 1446 1233 1509 τὰ
1262 1449 1319 1526 μὲν
1347 1447 1459 1527 οἰκήια

277 1553 317 1631 ἦν
341 1555 423 1631 μέζω
448 1554 527 1630 κακὰ
550 1555 569 1632 ἢ
594 1555 678 1617 ὥστε
702 1553 885 1617 ἀνακλαίειν
909 1555 984 1618 Her.
1009 1554 1058 1616 ΙΙΙ
1085 1555 1135 1617 14.

383 1663 414 1741 γ)
446 1667 501 1725 aut
530 1661 720 1725 sententiam
750 1661 1012 1744 interrogativum
1047 1681 1140 1725 sensu
1175 1661 1326 1745 negativo
1361 1683 1456 1746 prae-

279 1767 396 1832 ditam:
432 1765 518 1832 τοῦτ’
550 1767 610 1832 οὖν
639 1768 728 1832 ἔστιν
758 1767 848 1845 ὅπως
879 1789 927 1845 τις
958 1768 997 1832 ἂν
1021 1769 1102 1847 ὑμᾶς
1126 1770 1331 1847 ἐξαπατήσαι,
1367 1769 1456 1834 ὥστε

276 1876 444 1954 ἐμβαίνειν,
470 1876 593 1939 ὁπόταν
616 1876 712 1952 νότος
738 1877 832 1958 πνέῃ;
856 1876 939 1938 Χου.
965 1875 1068 1939 Anab.
1094 1877 1123 1940 V
1148 1878 1177 1958 l,
1196 1878 1225 1940 ί.

389 1984 501 2065 Neque
526 1990 631 2046 tamen
656 1981 771 2072 desunt
796 1983 951 2066 exempla,
988 2003 1070 2064 quae
1099 1990 1291 2066 repugnent:
1328 1985 1454 2063 οὐγὰρ

278 2092 317 2168 δὴ
334 2090 419 2154 οὕτω
443 2112 479 2167 γε
503 2093 727 2169 φρενοβλαβὴς
751 2089 791 2168 ἦν
815 2090 834 2153 δ
857 2091 1003 2168 Πρίαμος
1028 2091 1104 2153 οὐδὲ
1128 2091 1157 2154 οἱ
1181 2089 1273 2154 ἄλλοι
1297 2092 1327 2155 οἱ
1351 2107 1453 2170 προσ-

278 2199 411 2276 ήκοντες
436 2199 531 2282 αὐτῷ,
556 2197 640 2261 ὥστε
664 2202 749 2261 τοῖσι
775 2198 963 2276 σφετέροισι
985 2197 1113 2276 σώμασι
1137 2200 1187 2261 καὶ
1211 2203 1296 2262 τοῖσι
1312 2199 1453 2263 τέκνοισι

279 2305 329 2367 καὶ
364 2311 402 2388 τῇ
438 2306 513 2368 πόλι
549 2304 743 2368 κινδυνεύειν
779 2304 962 2383 ἐβούλοντο,
998 2303 1082 2382 ὅκως
1107 2303 1314 2383 Ἀλέξανδρος
1340 2304 1452 2390 Ἑλένῃ

279 2413 437 2495 συνοικέῃ.
461 2413 536 2475 Her.
555 2412 586 2474 ll
606 2413 679 2475 120.
726 2413 764 2474 οό
789 2413 849 2490 γὰρ
874 2413 912 2489 δὴ
937 2412 971 2488 ές
994 2412 1135 2475 τοσοῦτό
1158 2433 1193 2488 γε
1210 2412 1355 2490 εὐηθείης
1373 2413 1451 2491 ἀνή-

279 2539 325 2582 κει
348 2523 454 2595 τοῡτο,
490 2519 575 2583 ὥστε
605 2519 688 2583 δόξει
717 2520 771 2597 ἐμὲ
800 2518 887 2597 δρῶν
911 2520 950 2582 σὲ
974 2517 1061 2582 εἶναι.
1086 2520 1161 2583 Her.
1186 2520 1250 2583 VH
1275 2519 1315 2583 16
1328 2542 1355 2596 γ.
1403 2522 1453 2584 καὶ

279 2625 368 2689 τώπὸ
392 2626 509 2689 τούτου
534 2627 593 2689 οὐκ
616 2624 702 2689 οὕτω
726 2627 805 2704 μέγα
828 2627 857 2688 τί
881 2626 912 2689 o‘r
936 2626 1053 2702 δώσεις
1072 2627 1117 2702 ὥς
1135 2647 1187 2704 μιν
1204 2626 1351 2705 λάμψεαι.
1375 2627 1452 2691 Her.

278 2733 293 2794 l
319 2734 392 2796 199.
439 2732 662 2809 ἀπελογοῦντο
686 2733 731 2810 ὡς
757 2733 816 2796 οὐκ
839 2733 878 2796 ἄν
902 2754 980 2796 ποτε
1009 2732 1095 2796 οὕτω
1124 2737 1224 2812 μῶροι
1248 2734 1332 2812 ἦσαν
1357 2735 1402 2811 ὡς
1428 2735 1453 2798 εἰ

278 2841 400 2922 ᾔδεσαν
425 2841 747 2919 καταλαμβανόμενον
773 2841 830 2903 τόν
852 2841 1000 2928 Πειραιᾶ,
1023 2841 1057 2903 ἐν
1081 2846 1126 2923 τῷ
1151 2839 1240 2905 ἄστει
1265 2841 1304 2904 ἂν
1323 2841 1452 2919 ὑποχει-

278 2947 366 3024 ρίους
392 2947 510 3024 αὐτοὺς
534 2951 697 3025 παρεῖχον.
722 2947 805 3010 Xen.
831 2946 913 3010 Hell.
939 2947 966 3008 V
990 2949 1019 3023 4,
1036 2949 1090 3010 22.
1127 2947 1251 3024 Soume,
1277 2948 1329 3028 qui
1353 2968 1385 3030 p.
1410 2949 1453 3011 50

278 3061 446 3137 praeterea
475 3054 569 3116 affert
596 3053 709 3136 Eurip.
734 3052 853 3117 Troad.
878 3054 954 3117 911.
1001 3054 1120 3118 Ρλοευ.
1147 3054 1242 3117 1612.
1289 3054 1452 3138 Aristoplr.

277 3161 361 3226 Nub.
376 3161 451 3224 971.
477 3159 607 3244 Αυίίρλ.
625 3160 656 3241 5,
673 3161 727 3223 43.
752 3160 831 3243 Lys.
851 3161 901 3242 13,
922 3161 972 3224 18.
1001 3163 1082 3226 Isae.
1100 3162 1131 3243 4,
1148 3163 1201 3224 24.
1227 3161 1318 3224 Dein.
1334 3161 1385 3243 18,
1399 3161 1452 3242 30,

278 3266 487 3332 indicativum
511 3288 531 3330 a
555 3267 763 3350 scriptoribus
787 3266 827 3330 ob
852 3287 922 3331 earn
946 3288 1012 3331 rem
1036 3268 1111 3351 poni
1136 3274 1253 3345 censet,
1281 3274 1316 3331 ut
1340 3269 1453 3331 oratio-

278 3394 350 3437 nem
385 3374 547 3438 fortiorem
583 3380 615 3437 et
649 3374 804 3438 acriorem
838 3373 984 3438 reddant.
1032 3374 1131 3438 Recte
1156 3373 1293 3456 quidem.
1340 3376 1453 3456 Neque

280 3490 385 3544 tamen
409 3480 470 3545 hoe
493 3480 728 3564 neglegendum
754 3486 812 3562 est,
837 3480 922 3561 quod
945 3501 985 3544 ne
1008 3487 1081 3564 post
1104 3482 1259 3565 positivus
1280 3482 1453 3546 sententias

280 3587 407 3669 quidem
431 3587 625 3652 indicativus
649 3588 746 3651 futuri
771 3591 877 3668 (quem
901 3588 1035 3671 legimus
1058 3589 1135 3652 Her.
1152 3588 1214 3651 VH
1233 3589 1273 3652 16
1286 3611 1314 3663 γ.
1344 3590 1452 3669 1199)

279 3700 310 3758 et
334 3693 554 3778 imperfectum
579 3715 650 3758 curn
675 3693 715 3758 ἄν
740 3694 943 3759 coniunctum
968 3694 1067 3776 (quod
1092 3701 1197 3759 exstat
1221 3695 1303 3758 Xen.
1325 3695 1454 3759 HellV

278 3803 309 3884 4,
327 3803 382 3882 22)
406 3803 451 3864 ita
475 3801 621 3884 usurpari
645 3802 757 3884 solent,
781 3808 817 3865 ut
839 3822 1013 3884 pronomen
1037 3803 1089 3866 vel
1113 3801 1302 3867 adverbium
1327 3801 1453 3866 demon·

279 3909 446 3973 strativum
470 3908 656 3990 antecedat3
682 3930 712 3972 v.
736 3930 768 3992 p.
793 3908 836 3972 55
855 3928 924 3990 sqq.
972 3908 1185 3985 Quamobrem
1202 3908 1234 3972 in
1251 3909 1312 3972 hoc
1329 3929 1453 3990 quoque

279 4035 338 4080 usu
362 4016 613 4100 comparativam
637 4017 722 4079 ὥστε
745 4015 923 4100 particulae
947 4016 1011 4078 vim
1034 4015 1252 4100 praevaluisse
1275 4021 1363 4100 puto.

386 4123 467 4185 Ann.
515 4123 593 4187 Post
616 4122 791 4187 sententias
816 4121 1064 4204 interrogativas
1089 4122 1260 4206 simplices
1297 4141 1380 4203 quae
1403 4143 1452 4186 ne-

279 4249 341 4311 que
375 4228 516 4313 pendent
549 4251 568 4293 a
603 4230 710 4295 verbis
745 4228 963 4312 interrogandi
1000 4229 1069 4294 sim.
1100 4249 1203 4311 neque
1233 4249 1328 4294 sensu
1356 4249 1452 4312 nega-

279 4337 346 4402 tivo
370 4342 443 4400 sunt
465 4336 644 4421 praeditae,
669 4343 744 4407 eta
767 4336 927 4420 Sophocle
952 4336 1003 4418 (O.
1015 4337 1055 4400 R.
1072 4337 1151 4418 533)
1177 4343 1209 4400 et
1232 4337 1273 4401 ab
1290 4335 1452 4400 Herodoto

280 4450 313 4508 et
336 4465 355 4508 a
380 4442 572 4528 Thucydide
596 4450 628 4508 ct
652 4465 671 4507 a
694 4442 906 4528 Xenophonte
930 4442 1124 4508 indicativus
1140 4443 1283 4528 ponitur:
1311 4441 1352 4506 Ὧ
1370 4447 1449 4510 ξεῖνε
