3132 5116
645 393 802 448 ..3-

243 573 302 638 His
332 579 457 638 contum
486 574 662 657 nonaginta
692 574 829 656 quinque
860 573 1014 658 exemplis
1044 574 1143 639 solum
1174 581 1312 658 quatuor

123 685 160 743 et
188 681 425 764 quinquaginta
449 682 596 765 opposita
620 688 701 763 sunt,
727 701 809 763 quae
826 681 910 745 ὥστε
933 682 1124 765 particulam
1151 702 1221 750 cum
1245 705 1311 747 mo-

124 785 182 852 dis
211 786 308 852 finitis
331 786 533 852 coniunctam
557 788 720 852 exhibent.

242 932 273 993 2.
319 931 403 994 ὥστε
427 931 585 1014 particula
609 951 678 995 curu
704 930 806 996 modis
830 931 926 995 linitis
951 931 1120 996 coniuncta
1145 939 1206 995 est:
1281 927 1283 932 ’

131 1876 243 1957 (Quod
267 1879 388 1941 numeri
412 1899 432 1941 a
454 1897 505 1941 me
528 1876 616 1941 allati
640 1897 702 1941 non
727 1883 904 1959 congruunt
932 1897 1004 1941 cum
1033 1878 1088 1956 cis,
1125 1897 1204 1958 quos
1230 1877 1310 1940 Fell-

131 2004 232 2046 mann
255 2005 287 2067 p.
304 1985 357 2046 28.
375 1986 428 2048 51.
446 1985 488 2048 69
505 1983 604 2064 dedit,
630 2002 741 2048 moneo
766 2003 816 2047 me
840 1983 881 2046 ab
906 1983 990 2046 ὥστε
1011 1984 1188 2066 particulae
1205 2003 1309 2046 exem-

134 2090 201 2174 plis
226 2090 269 2167 ῶς
293 2091 483 2174 particulam
507 2089 698 2170 seiunxisse3
724 2090 764 2153 de
789 2110 851 2171 qua
874 2088 949 2153 vide
972 2111 1003 2173 p.
1029 2089 1071 2152 38
1096 2092 1179 2170 sqq.)
1264 2119 1265 2122 ¹

245 2197 295 2276 (In
318 2196 455 2261 citandis
480 2197 672 2279 tragicorum
701 2197 780 2261 loeis
809 2217 883 2260 ursus
913 2217 981 2260 sum
1011 2195 1150 2259 editione
1176 2195 1309 2259 Diodor-

133 2303 223 2366 tiana
245 2303 282 2367 V.
307 2303 438 2387 Lipsiae
465 2303 573 2384 1869.)

245 2411 312 2474 lam
336 2410 362 2474 si
387 2411 577 2491 quaerimus,
602 2417 674 2474 utra
698 2411 890 2474 constructio
915 2410 1000 2473 ὥστε
1023 2411 1200 2493 particulae
1223 2410 1310 2492 prior

135 2516 241 2597 fuerit,
266 2516 361 2582 facile
385 2537 424 2580 ex
450 2516 580 2580 Homeri
604 2523 636 2580 et
659 2518 810 2601 Aeschyli
834 2537 892 2580 usu
916 2517 1058 2599 intellegi
1082 2522 1186 2600 potest
1210 2515 1309 2578 intini-

136 2623 235 2687 tivum
261 2623 363 2687 modis
386 2623 581 2708 praecedere
605 2609 652 2687 cl.
672 2624 787 2688 Scume
810 2646 841 2708 p.
867 2625 919 2687 39.

244 2730 349 2812 Atque
373 2730 458 2815 apud
481 2731 675 2815 Aeschylum
700 2731 873 2795 inlinitivus
896 2752 957 2794 non
982 2731 1083 2795 solum
1106 2731 1191 2793 tinali
1216 2749 1307 2794 sensu

136 2835 300 2920 praeditus
325 2844 381 2920 est,
405 2845 441 2901 ut

182 2961 273 3025 Eum.
299 2963 341 3026 83
846 2964 989 3040 μηχανὰς
1015 2963 1202 3040 εὑρήσομεν,

373 3067 450 3132 ὥστ’
476 3070 509 3145 ἐς
535 3071 571 3133 τὸ
595 3073 660 3132 πᾶν
684 3084 722 3133 σε
746 3067 840 3133 τῶνδ’
868 3068 1046 3134 ἀπαλλάξαι
1071 3071 1191 3132 πόνων.

140 3203 194 3254 aut
216 3213 281 3256 rem
305 3193 437 3274 indicat,
463 3214 544 3274 quae
569 3195 719 3274 consequi
743 3195 843 3278 possit
867 3195 917 3256 vel
942 3215 1004 3256 non
1028 3194 1138 3276 possit,
1163 3199 1196 3256 ut

231 3320 291 3401 Ag.
317 3319 381 3381 632
418 3319 476 3382 οὐκ
500 3318 587 3382 οἶδεν
611 3317 727 3396 οὐδείς’,
752 3317 828 3382 ὥστ’
854 3319 1039 3394 ἐπανγεῑλαι
1063 3322 1167 3396 τορῶς

185 3425 381 3509 Octaphoro
417 3425 435 3503 ἦ
460 3428 510 3489 καὶ
534 3427 678 3489 πέπυσθε
703 3425 830 3504 τοῦναρ,
855 3423 932 3488 ὥστ’
958 3425 1063 3503 ὀρθῶς
1088 3425 1225 3503 φράσαι;

142 3547 314 3614 sedetiam
340 3550 489 3634 exprimit
513 3571 578 3614 rem
603 3551 740 3631 aliquam
766 3571 800 3613 ro
825 3571 901 3614 vera
926 3557 1126 3614 consecutam
1153 3571 1230 3631 csse,
1257 3558 1289 3612 ut

206 3674 292 3738 Pera.
317 3675 383 3738 244
417 3674 481 3739 Ἂν.
521 3679 590 3752 πῶς
615 3675 655 3737 ἂν
679 3675 738 3738 οὖν
763 3676 888 3753 μένοιεν
908 3674 1028 3752 ἄνδρας
1045 3675 1218 3751 πολεμίους
1235 3676 1309 3751 ἐπη-

992 3781 1105 3858 λύοας;

417 3891 493 3968 Χόρ.
519 3889 603 3953 ὥστε
628 3891 769 3967 Δαρείου
794 3889 897 3952 πολύν
922 3910 955 3952 τε
980 3891 1029 3952 καὶ
1059 3891 1157 3952 καλὸν
1181 3893 1311 3967 φθεῖραι

992 3997 1141 4073 στρατόν.

144 4099 260 4176 Quodsi
293 4103 390 4185 igitur
423 4103 594 4167 infinitivus
627 4101 760 4166 idoneus
793 4101 961 4165 videbatur
991 4102 1044 4182 qui
1074 4123 1138 4164 rem
1170 4122 1203 4165 rc
1235 4122 1310 4166 vera

145 4215 342 4273 consecutam
366 4210 568 4292 exprimeret,
593 4208 654 4273 hoc
678 4207 894 4290 quaerendum
918 4215 976 4290 est,
1007 4207 1165 4288 quomodo
1191 4208 1309 4272 lactum

143 4312 190 4396 sit,
225 4322 260 4378 ut
284 4315 369 4380 ὥστε
392 4315 582 4399 particulam
611 4317 706 4380 etiam
736 4314 822 4379 modi
853 4322 1068 4396 sequerentur.
1117 4315 1213 4378 Cuius
1236 4335 1311 4379 usus

144 4423 289 4506 exempla
312 4422 415 4508 prima
439 4422 524 4507 apud
549 4422 740 4507 Sophoclem
764 4429 941 4486 occurrunt.
990 4422 1078 4500 Quae
1100 4423 1126 4486 si
1144 4423 1310 4507 perlustra-
