3132 5116
24 455 28 512 p
658 455 690 465 -
728 425 762 480 39
801 456 832 466 -

23 518 25 580 l

20 580 24 687 Ι
134 604 240 691 σίου,
276 627 358 690 quae
381 627 542 690 nunquam
567 609 651 671 ὥστε
675 607 864 692 particulam
889 605 1061 692 patiuntur,
1098 605 1143 684 ως
1168 625 1238 670 cum
1266 605 1332 670 infi-

17 777 18 794 γ
134 714 258 780 ιιίίίνο
283 716 446 779 coniunxit
471 715 520 780 his
544 722 680 798 quatuor
703 717 796 780 locis:

267 825 298 903 a)
334 821 507 887 infinitivus
536 822 631 886 finem
660 822 796 886 actionis
824 822 988 907 exprimit:
1026 821 1179 900 ὀρύσσειν
1208 821 1332 884 ἐκέλευε

14 916 16 997 l
138 929 302 1008 διώρυχα
324 935 362 1012 τή
387 930 536 1013 θαλάσσῃ
561 929 655 1008 εὖρος
681 929 726 1007 ὡς
751 929 810 992 δύο
834 931 982 1007 τριήρεας
1012 929 1120 992 πλέειν
1150 928 1230 1006 ὁμοῦ
1261 929 1332 991 έλα-

139 1038 356 1115 στρεομένας
381 1037 444 1100 VII
468 1037 511 1100 24
536 1037 590 1115 (cf.
615 1038 647 1100 Il
674 1036 736 1100 158
762 1038 870 1115 ὥστε).

266 1144 299 1224 b)
335 1144 495 1208 sententia
518 1142 712 1207 antecedens
735 1143 854 1226 pendet
879 1164 898 1206 a
923 1144 1019 1207 verbo
1044 1142 1188 1207 dicendi:
1214 1141 1332 1220 Ἄτλας

142 1251 194 1313 τὸ
221 1249 299 1328 ὄρος
324 1250 452 1328 ὑψηλὸν
476 1249 562 1314 οὕτω
586 1252 625 1328 δή
650 1272 679 1313 τι
704 1251 827 1327 λέγεται
852 1249 897 1327 ώς
921 1250 979 1327 τάς
996 1250 1141 1328 κορυφὰς
1159 1250 1257 1313 αὐτοῦ
1275 1250 1334 1312 οὐκ

143 1357 211 1420 οἶά
234 1379 267 1421 τε
293 1356 373 1421 εἶναι
398 1358 520 1422 ἰδέσθαι
544 1358 590 1421 IV
610 1358 683 1421 184.
709 1357 798 1437 (Sine
815 1377 912 1421 causa
929 1356 1126 1421 Herwerden
1150 1356 1211 1420 hoc
1236 1361 1332 1438 atque

147 1463 232 1528 aliis
255 1464 333 1528 locis
358 1464 442 1528 ὥστε
466 1465 608 1544 conicit.)

267 1573 297 1651 c)
333 1571 491 1636 sententia
515 1571 710 1636 antecedens
735 1578 783 1636 est
807 1572 973 1654 negativa:
1009 1572 1028 1649 ἡ
1053 1571 1209 1648 Ῥοδῶπις
1234 1570 1333 1649 κάρτα

150 1679 378 1757 ἐπαφρόδιτος
403 1680 557 1757 γενομένη
583 1679 704 1758 μεγάλα
734 1680 891 1757 ἐκτήσατο
915 1681 1066 1757 χρήματα,
1102 1678 1182 1756 ἀτάρ
1206 1679 1265 1741 οὐκ
1288 1679 1333 1755 ὥς

152 1807 196 1860 γε
212 1787 246 1863 ές
263 1787 425 1864 πυραμίδα
448 1786 600 1863 τοιαύτην
624 1787 781 1852 ἐξικέσθαι
805 1785 930 1850 11135.
978 1785 1177 1863 Μαιάνδριος
1194 1785 1333 1863 ὑπέλαβε

154 1893 217 1956 τὸν
242 1893 350 1975 λόγον,
375 1893 420 1970 ὡς
445 1895 502 1971 μὲν
526 1894 589 1970 ἐγὼ
615 1894 725 1969 δοκέω,
750 1894 808 1957 οὐκ
831 1894 865 1970 ές
890 1897 985 1956 τούτο
1010 1893 1202 1971 ἀφροσύνης
1223 1891 1332 1956 ἀπικό-

158 2022 255 2079 μενος
281 2003 325 2080 ὡς
350 2003 439 2067 δόξαι
463 2004 521 2080 τὴν
545 2003 667 2066 ἑωυτοῦ
698 2003 831 2081 δύναμιν
860 2002 1065 2079 περιέσεσθαι
1093 2006 1150 2079 τής
1182 2002 1331 2080 βασιλέος

160 2109 213 2172 III
230 2110 293 2172 146
318 2111 364 2189 (at
381 2109 438 2172 fut.
456 2108 520 2172 ind.
538 2110 553 2172 I
569 2109 656 2189 199).
704 2111 755 2189 (In
796 2110 811 2172 Ι
826 2111 842 2173 l
869 2110 914 2186 ὡς
931 2109 1071 2191 spurium
1088 2128 1157 2172 esse
1181 2107 1331 2186 videtur.)

266 2217 317 2279 Ex
341 2216 444 2280 modis
469 2217 553 2280 solus
577 2216 771 2280 indicativus
795 2217 942 2296 occurrit,
974 2236 1098 2299 semper
1121 2214 1331 2279 antecedente

163 2321 246 2386 οὕτω
271 2323 322 2388 vel
346 2323 432 2386 οὕτω
457 2325 495 2402 δή
512 2346 551 2406 τι,
576 2323 625 2388 his
646 2343 702 2387 sex
719 2323 812 2388 locis:
837 2325 914 2401 τοὺς
931 2321 1092 2400 Ἕλληνας
1108 2323 1225 2400 Πέλοψ
1241 2343 1331 2385 κατε-

162 2431 323 2508 στρέψατο
353 2430 438 2494 οὕτω
467 2431 512 2508 ώς
542 2433 592 2495 καὶ
623 2432 656 2508 ές
683 2431 758 2494 τόδε
788 2431 878 2494 αύτοί
906 2451 939 2493 τε
970 2429 1141 2508 ὥνθρωποι
1171 2431 1220 2492 καὶ
1249 2430 1330 2508 ήγῆ

161 2537 265 2600 αὐτῶν
290 2538 452 2615 ἐπώνυμοι
467 2543 525 2601 τοῦ
549 2539 854 2616 καταστρεψαμένου
876 2539 1043 2601 καλέονται
1060 2538 1122 2601 VII
1142 2538 1192 2600 11.
1226 2536 1331 2616 τούτῳ

161 2650 204 2727 τῷ
239 2643 331 2722 ἀνδρὶ
367 2647 563 2724 προσφιλέες
599 2647 630 2709 οἱ
659 2646 820 2723 Φωκαιέες
856 2645 941 2708 οὕτω
972 2647 1010 2723 δή
1039 2667 1067 2708 τι
1098 2645 1257 2721 ἐγένοντο,
1288 2646 1333 2721 ὥς

161 2766 264 2829 σφεας
289 2753 414 2816 ἐκέλευε
438 2757 494 2830 τῆς
519 2753 641 2816 έωυτοθ
667 2754 773 2831 χώρης
791 2754 917 2831 οίκήσαι
934 2753 1012 2816 ὅκου
1031 2752 1200 2831 βούλονται
1225 2751 1332 2814 1163.

160 2857 320 2936 Ῥοδῶπις
345 2859 430 2923 οὕτω
455 2861 493 2938 δή
519 2882 547 2923 τι
570 2863 677 2938 κλεινή
710 2862 836 2937 ἐγένετο
861 2861 906 2937 ὡς
930 2862 981 2923 καὶ
1005 2861 1034 2923 οἱ
1059 2859 1176 2936 πάντες
1212 2857 1332 2935 Ἕλλη·

160 2986 212 3042 νες
237 2965 417 3044 Ῥοδώπιος
442 2968 479 3030 τὸ
504 2967 627 3045 οὔνομα
651 2967 804 3045 ἐξέμαθον
829 2968 862 3030 II
888 2967 960 3030 135.
1008 2967 1163 3044 ἐδωρέετο
1184 2967 1333 3042 Δημοκή-

161 3076 216 3134 δεα
240 3071 325 3136 οὕτω
351 3075 388 3151 δή
413 3095 442 3137 τι
466 3075 594 3152 δαψιλέιΙ
619 3079 721 3158 δωρεῇ
747 3075 791 3151 ὡς
816 3075 892 3151 τοὺς
917 3073 1159 3149 ἀποπίπτοντας
1184 3071 1248 3135 ἀπὸ
1268 3075 1334 3134 τών

159 3182 303 3258 φιαλέων
328 3186 490 3259 στατῆρας
515 3183 672 3259 ἑπόμενος
697 3182 715 3245 ὁ
740 3183 863 3260 οἰκέτης
893 3181 1063 3257 ἀνελέγετο
1093 3181 1143 3243 καί
1173 3181 1203 3243 οἱ
1230 3184 1333 3258 χρῆμα

159 3289 282 3351 πολλόν
306 3309 335 3352 τι
359 3293 482 3366 χρυσοῦ
508 3291 683 3367 συνελέχθη
709 3290 758 3353 III
778 3290 850 3352 130.
886 3288 962 3350 VIII
979 3288 1032 3351 99.

264 3401 337 3478 post
361 3396 550 3460 sententiam
573 3398 774 3479 negativam:
811 3396 909 3459 ἐπεάν
937 3397 972 3458 δέ
1007 3400 1108 3477 μιχθῇ,
1144 3393 1332 3457 ἀποσιωσα-

159 3502 234 3578 μένη
259 3508 297 3585 τῇ
322 3508 385 3586 θεῷ
409 3501 653 3566 ἀπαλλάσσεται
683 3504 716 3581 ές
741 3504 779 3566 τά
804 3504 893 3578 οἰκία,
928 3503 979 3565 καὶ
1008 3501 1098 3564 τώπὸ
1128 3501 1244 3564 τούτου
1275 3501 1334 3564 ούκ

159 3606 244 3672 οὕτω
274 3610 353 3687 μέγα
382 3610 411 3672 τί
441 3610 471 3672 οἱ
501 3610 618 3687 δώσεις
649 3610 693 3687 ὥς
723 3611 762 3693 (ᾧ
786 3611 944 3692 Krueger)
972 3630 1027 3686 μιν
1051 3608 1190 3687 λάμψεαι
1215 3609 1231 3671 Ι
1256 3607 1330 3671 199.

160 3717 201 3794 (ν.
226 3737 258 3799 p.
283 3714 350 3796 50.)
397 3715 531 3796 (Quodsi
555 3716 696 3781 Thomas
731 3738 763 3800 p.
787 3716 830 3779 45
855 3736 902 3798 sq.
938 3723 1105 3798 praeterea
1134 3715 1228 3778 affert
1253 3714 1332 3778 VIII

159 3821 201 3884 56
230 3829 261 3886 et
290 3823 353 3886 VII
386 3825 458 3906 172,
488 3825 594 3907 priore
623 3824 693 3888 loco
724 3823 808 3886 ὥστε
839 3822 922 3903 (cod.
948 3823 990 3903 R)
1026 3821 1228 3886 scribendum
1264 3841 1332 3884 esse

158 3928 235 3991 mihi
259 3927 395 4012 videtur,
432 3929 531 3994 altero
561 3930 736 4013 particulae
761 3929 806 4007 ὡς
831 3930 991 3994 causalem
1016 3929 1080 3992 vim
1104 3927 1208 3992 inesse
1231 3930 1332 4011 puto.)

266 4035 475 4120 Thucydides
509 4057 572 4100 uno
607 4036 677 4100 loco
708 4036 753 4113 ὡς
788 4057 846 4120 pro
871 4038 956 4099 ὥστε
986 4055 1057 4098 curn
1081 4033 1236 4097 infinitivo
1261 4055 1333 4098 con-

158 4142 274 4207 iunxit:
313 4145 577 4221 ναυμαχήσαντες
611 4143 770 4207 ἀντίπαλα
794 4146 850 4222 μὲν
875 4146 925 4206 καὶ
950 4143 995 4220 ὡς
1020 4143 1138 4219 αύτούς
1163 4142 1332 4220 ἑκατέρους

158 4248 268 4313 ἀξιοῦν
303 4253 393 4314 νικᾶν
426 4251 630 4328 διεκρίθησαν
660 4248 714 4313 ἀπ’
745 4249 896 4328 ἀλλήλων
920 4250 983 4314 VII
1007 4250 1060 4331 34,
1078 4249 1108 4312 6.
1156 4248 1334 4313 Infinitivus

158 4362 328 4439 poneretur
356 4376 487 4421 neccsse
521 4362 598 4439 erat,
636 4357 710 4437 quia
743 4357 902 4421 sententia
936 4355 1141 4421 consecutiva
1170 4353 1334 4439 pendeta

158 4462 338 4547 participio.
363 4463 476 4527 Modos
487 4469 560 4547 post
573 4463 617 4540 ώς
630 4464 865 4528 consecutivum
877 4462 1086 4548 Thucydides
1098 4484 1161 4527 non
1174 4461 1330 4528 adhibuit.
