3132 5116
743 379 918 433 „40-

351 576 447 663 Apud
471 575 716 661 Xenophontem
742 577 927 662 saepissime
952 577 996 655 ὡς
1032 577 1221 662 portioulam
1252 599 1309 662 pro
1334 576 1421 641 ὥστε

245 707 307 750 που
331 687 430 749 solum
457 706 527 750 oum
552 684 718 768 infinitivo,
755 685 811 750 sed
846 686 942 750 etiam
977 707 1047 749 oum
1082 685 1186 750 modis
1216 683 1420 749 ooniunotam

246 793 400 858 videmus,

352 900 400 964 άο
423 899 559 984 primum
584 899 713 982 quidem
737 899 910 965 infinitivus
934 899 999 964 vim
1022 898 1149 964 finalem
1174 899 1318 963 exhibet:

353 1010 384 1086 a)
408 1014 480 1091 post
504 1008 603 1072 verba
626 1007 785 1071 efficiendi
809 1007 878 1072 sim.
914 1008 1045 1072 ἐπέταξε
1080 1008 1137 1070 τὸν
1172 1007 1220 1070 ἀεὶ
1244 1006 1424 1085 πρεσβύτα·

245 1136 302 1179 τον
337 1117 372 1178 ἐν
407 1121 451 1200 τῷ
486 1116 652 1199 γυμνασίῳ
689 1115 814 1199 ἑκάστῳ
850 1116 1066 1193 ἐπιμελεῖσθαι
1095 1115 1139 1191 ὡς
1174 1115 1295 1193 μήποτε
1330 1113 1423 1176 αὐτοὶ

246 1221 400 1298 ἐλάττους
424 1226 488 1286 τῶν
513 1223 624 1286 σιτίων
640 1223 804 1299 γίγνεσθαι
828 1222 889 1305 Rp.
906 1221 984 1287 Lao.
1002 1221 1032 1303 5,
1051 1221 1081 1285 8.
1128 1220 1202 1284 οἶδα
1219 1221 1299 1297 ὑμᾶς
1317 1223 1422 1298 φυλα-

247 1329 400 1406 ξαμένους
426 1330 470 1406 ὡς
495 1332 535 1408 μὴ
560 1334 739 1407 παρασχεῖν
767 1329 872 1412 τούτῳ
902 1329 1070 1407 πρόφασιν
1106 1328 1208 1392 Anah.
1233 1327 1297 1391 VII
1320 1327 1351 1410 6,
1369 1328 1423 1390 22.

247 1437 283 1499 τὸ
319 1436 501 1513 στράτευμα
541 1437 812 1514 παρεσκευακέναι
852 1437 897 1513 ὡς
933 1436 1037 1499 πόνον
1073 1437 1193 1514 μηδένα
1228 1434 1424 1513 ἀποκάμνειν

248 1543 330 1606 Hell.
356 1543 420 1605 VII
442 1543 473 1624 5,
493 1543 543 1606 19.
1081 1619 1085 1629 Ι

354 1649 387 1728 b)
412 1649 566 1731 absolute,
603 1656 637 1713 ut
672 1651 717 1713 ita
753 1649 869 1732 dicam,
905 1655 1090 1734 usurpatus:
1122 1650 1166 1726 εἰς
1190 1651 1248 1727 τὴν
1273 1649 1424 1726 ἑσπέραν,

248 1757 315 1819 ἐπεὶ
335 1757 452 1834 σκότος
474 1757 531 1839 έίη,
557 1759 744 1839 ἐξεβίβαζεν,
770 1759 815 1835 ὡς
840 1759 879 1836 μὴ
905 1759 1105 1835 καταδήλους
1130 1756 1209 1821 εἶναι
1233 1761 1302 1833 τοῖς
1326 1759 1424 1819 πολε-

249 1863 330 1942 μίοις
354 1867 454 1926 ταῦτα
477 1869 652 1942 ποιοῦντας
676 1864 758 1930 Hell.
784 1866 798 1928 Ι
823 1865 853 1946 6,
871 1865 924 1928 20.
971 1865 1059 1942 ἠξίου
1081 1865 1180 1927 αὐτὸν
1197 1868 1265 1940 τοῖς
1282 1863 1424 1941 πλησίον

250 1974 416 2048 βασιλεῦσι
440 1972 584 2049 χρήματα
609 1973 740 2047 διδόναι,
765 1973 809 2049 ὡς
835 1972 1022 2050 συμμάχους
1047 1970 1127 2035 εἶναι
1163 1970 1246 2034 Heli.
1269 1970 1297 2033 V
1319 1971 1350 2051 2,
1368 1969 1423 2033 38.

249 2078 403 2155 διφθέρας
428 2079 603 2141 συνέσπων
627 2079 671 2156 ὡς
697 2080 737 2157 μὴ
762 2078 918 2142 ἅπτεσθαι
935 2083 992 2156 τῆς
1009 2079 1135 2156 κάρφης
1152 2080 1189 2165 τὸ
1206 2076 1293 2155 ὕδωρ
1318 2076 1423 2140 Anah.

250 2183 318 2266 15,
339 2185 389 2246 10.
436 2184 523 2263 εἶχον
557 2187 597 2249 τὰ
626 2187 769 2264 δρέπανα
804 2187 849 2263 ὡς
885 2187 1068 2249 διακόπτειν
1104 2185 1168 2269 ὅτῳ
1197 2183 1424 2262 ἐντυγχάνοιεν

250 2290 353 2354 Anah.
378 2292 393 2353 I
418 2294 518 2374 8,10.
566 2294 694 2357 ἐπειδὰν
718 2295 753 2357 δέ
777 2295 903 2376 σημήνῃ
927 2299 972 2376 τῷ
997 2294 1103 2371 κέρατι
1127 2293 1172 2369 ὡς
1189 2291 1423 2372 ἀναπαύεσθαι,

250 2397 486 2464 συσκευάζεσθε
510 2400 612 2464 ⁴inab.
640 2401 672 2463 II
694 2402 725 2482 2,
742 2401 773 2464 4.
821 2401 1016 2479 κατέβαινον,
1052 2399 1097 2476 ὡς
1133 2400 1184 2462 ἐπὶ
1219 2399 1276 2462 τὸν
1312 2397 1424 2476 ἕτερον

250 2503 433 2582 ἀναβαίνειν
457 2505 560 2570 Anao.
585 2508 633 2570 III
654 2508 686 2589 4,
703 2509 756 2570 25.
803 2509 994 2585 παρήγγειλε
1019 2507 1192 2584 διαβαίνειν
1217 2505 1265 2569 ὅτι
1289 2505 1425 2583 τάχιστα

249 2613 269 2692 ή
293 2612 428 2689 ἕκαστος
452 2615 510 2690 τὴν
534 2613 621 2680 τάξιν
645 2613 737 2692 εἶχεν,
767 2614 813 2690 ὡς
844 2616 883 2691 μὴ
912 2614 1092 2691 ἐμποδίζειν
1121 2612 1283 2690 ἀλλήλους
1318 2611 1423 2675 Anah.

250 2718 295 2782 IV
319 2720 349 2800 3,
367 2720 419 2782 29.
467 2720 595 2798 ἔφασαν
619 2722 738 2798 αὐτοὺς
763 2722 889 2798 μέλλειν
912 2721 1026 2784 ἐνθάδε
1049 2725 1151 2801 πλεῖν,
1177 2721 1221 2796 ὡς
1246 2721 1320 2797 ἡμῖν
1338 2720 1424 2785 λέξαι

250 2826 288 2888 τὰ
312 2809 469 2903 γενόμενα
498 2827 601 2891 Anab.
627 2828 655 2891 V
680 2828 709 2910 t,
734 2829 785 2892 18.
833 2828 894 2912 Rp.
919 2828 997 2891 Lae.
1022 2827 1053 2908 ὃ,
1076 2828 1107 2890 3.
1152 2829 1182 2908 2,
1200 2828 1231 2890 Ξ).
1279 2826 1424 2890 Anab.l

252 2932 281 3013 8,
302 2931 352 2996 15.
381 2933 478 3016 Hipp.
496 2935 527 3016 9,
544 2934 575 2997 5.
597 2935 636 2998 It.
659 2955 730 3017 equ.
757 2937 865 3017 12,11
893 2935 978 3014 (bis).
1013 2935 1086 3018 Cyr.
1111 2935 1127 2997 I
1151 2935 1181 3016 2,
1200 2935 1230 2997 8.
1270 2934 1423 2996 Huiusce-

251 3039 337 3102 modi
373 3040 535 3106 infinitivis
575 3041 669 3105 finem
708 3040 844 3106 aetionis
866 3030 1018 3126 ¹exprimi
1054 3040 1250 3104 demonstrat
1285 3039 1423 3122 interpo-

251 3145 338 3228 latio,
364 3167 445 3227 quae
469 3149 626 3212 invenitur
649 3149 681 3212 in
705 3149 807 3213 Anah.
833 3149 861 3213 V
885 3151 915 3231 2,
943 3150 998 3212 12;
1033 3149 1051 3211 ὁ
1076 3150 1111 3212 δέ
1135 3152 1203 3224 τοῖς
1228 3151 1424 3223 πελτασταῖς

252 3256 331 3317 πάσι
366 3256 557 3332 παρήγγειλε
592 3257 870 3334 διηγκυλωμένους
907 3257 999 3331 ἰέναι,
1035 3256 1090 3335 ὼς,
1127 3255 1251 3318 ὁπόταν
1288 3255 1424 3336 σημήνῃ,

252 3360 434 3437 ἀκοντίζειν,
453 3365 503 3426 καὶ
527 3364 603 3440 τοὺς
628 3363 760 3440 τοξότας
785 3363 1011 3441 ἐπιβεβλῆσθαι
1035 3363 1085 3426 ἐπὶ
1109 3343 1179 3438 τάῑς
1205 3365 1342 3439 νευραῖς,
1367 3359 1422 3442 ὡς,

252 3467 376 3531 ὁπόταν
401 3471 538 3552 σημήνῃ,
563 3469 703 3536 τοξεύειν
750 3469 899 3552 [δεήσονή.

360 3576 418 3640 His
443 3578 596 3660 exemplis
619 3576 769 3660 adiungo,
795 3597 987 3659 quamquam
1011 3576 1137 3640 finalem
1172 3576 1236 3639 vim
1260 3595 1323 3638 non
1347 3593 1424 3657 prae

253 3701 287 3746 se
311 3682 425 3765 ferunt,
462 3685 632 3767 pmtioipia
666 3685 787 3768 passivi
811 3684 1030 3747 nonnullorum
1059 3683 1238 3764 verborum,
1275 3701 1358 3763 quae
1383 3679 1424 3745 ad

253 3809 379 3854 sensum
406 3792 573 3855 verborum
598 3791 755 3856 effioiendi
778 3792 923 3875 proxime
953 3791 1125 3855 aoeodunt:
1165 3789 1425 3867 παρεσκευασμέ-

253 3918 330 3974 νους
355 3897 400 3974 ως
430 3903 534 3962 ποιεῖν
557 3920 585 3962 τι
609 3898 706 3982 Ηίρῃ.
732 3899 762 3979 ί,
780 3898 810 3962 8.
858 3899 1124 3976 συνηρμοσμένου
1161 3898 1205 3974 ὡς
1235 3901 1300 3960 τῶν
1330 3895 1425 3960 ἀλλο-

253 4005 349 4082 τρίων
385 4007 521 4082 μηδενὸς
557 4009 770 4084 προσδεῖσθαι
805 4005 898 4088 Apol.
926 4005 976 4068 16.
1024 4004 1128 4081 οὕτως
1159 4004 1357 4081 ὡπλισμένοι
1381 4003 1426 4079 ὡς

254 4111 302 4175 ὅτι
326 4112 527 4189 προσωτάτω
550 4114 720 4191 ταχθέντες
749 4113 904 4190 μάχεσθαι
929 4112 1001 4196 Oyr.
1026 4112 1058 4174 II
1084 4113 1183 4194 1,11.
1208 4111 1357 4189 ’τράπεζα
1381 4111 1424 4186 ὡς

254 4220 360 4298 φίλοις
397 4220 599 4297 μεταδιδόναι
633 4220 751 4296 ἱκανῶς
787 4220 1004 4297 κεκοσμημένη
1034 4220 1084 4282 καὶ
1114 4219 1159 4295 ὡς
1189 4219 1246 4281 τὸν
1275 4218 1375 4281 καλόν
1398 4238 1426 4280 τι

254 4330 409 4389 ποιοῦντα
432 4327 643 4405 ἐπιγεραίρειν
667 4326 741 4410 Cyr.
766 4326 845 4390 VIII
869 4326 970 4408 6,11.

361 4434 462 4497 Venio
487 4433 529 4497 ad
553 4433 598 4513 ὡς
616 4434 863 4498 oonseoutivum.
910 4433 1016 4514 Atque
1037 4438 1071 4495 ut
1088 4430 1200 4496 eodem
1217 4430 1328 4495 ordine
1344 4438 1425 4512 uter,
