3132 5116
364 1255 518 1320 Omnibus
542 1255 606 1319 iam
637 1253 791 1338 exemplis
820 1253 1021 1336 Hercdcteis‚
1058 1253 1290 1338 Thucydidcis,
1326 1253 1436 1317 Xeno-

254 1364 401 1447 phonteis
436 1363 627 1427 enumeratis
663 1369 695 1426 et
730 1361 893 1446 dispositis
924 1362 1086 1444 explicare
1116 1355 1264 1445 conebcr²
1290 1360 1434 1442 quidde

256 1469 340 1534 ὥστε
363 1471 539 1555 particulae
564 1490 621 1534 usu
646 1469 743 1533 statui
767 1489 860 1552 pesse
883 1468 961 1532 mihi
986 1468 1143 1532 videatur.

363 1577 522 1642 Infinitive
546 1578 588 1642 ab
612 1579 698 1641 ὥστε
722 1577 882 1661 particula
905 1576 1058 1660 pendenti
1080 1597 1142 1640 nen
1160 1577 1260 1641 solum
1277 1577 1341 1641 vim
1358 1597 1432 1640 con-

256 1684 441 1766 secutivam,
467 1683 637 1748 sedetiam
655 1683 782 1750 finalem
800 1685 903 1748 inesse
920 1685 998 1748 satis
1019 1685 1119 1747 multa
1136 1685 1282 1768 exempla
1299 1683 1432 1765 docent3

255 1790 330 1854 vide
346 1790 493 1873 exempla
506 1789 691 1855 Hercdctea
708 1813 739 1874 p.
759 1793 800 1855 10
815 1811 871 1873 sq⁸>
890 1790 1104 1874 Thucydides
1120 1813 1151 1874 p.
1171 1792 1210 1854 18
1228 1811 1308 1874 sqq„
1326 1791 1434 1854 Xeno·
1524 1781 1528 1787 ’

255 1896 396 1981 phentea
417 1919 448 1980 p.
466 1899 508 1961 26
526 1917 572 1978 sq.
1392 1881 1395 1886 ’

363 2005 412 2068 Ac
427 2004 514 2068 finali
532 2004 660 2085 quidem
677 2005 709 2069 vi
722 2004 889 2088 praeditus
906 2011 954 2068 est
969 2004 1143 2068 infinitivus
1163 2024 1226 2068 nen
1242 2004 1342 2068 solum
1359 2008 1434 2086 post

363 2112 462 2176 verba
486 2111 644 2175 efficiendi
674 2132 724 2175 ex.
750 2133 777 2176 ο.
825 2112 843 2174 ὁ
874 2114 909 2176 δέ
940 2113 1098 2188 συνειδὼς
1124 2112 1211 2195 αὑτιβ
1246 2111 1352 2175 πολλὰ
1382 2112 1434 2174 καὶ

257 2219 384 2296 πονηρὰ
407 2215 500 2281 πάντ’
526 2219 625 2282 ἐποίει
650 2220 734 2282 ὥστε
767 2217 989 2297 ἀπαλλαγῆναι
1023 2222 1080 2282 τοῦ
1105 2217 1307 2296 Ἀρχεδήμου.
1354 2217 1434 2280 δδέ

257 2325 444 2403 Ἀρχέδεμος
470 2325 528 2389 οὐκ
551 2325 778 2402 ἀπηλλάττετο.
810 2326 892 2389 Xen.
918 2326 1039 2390 Comm.
1063 2326 1098 2388 II
1121 2326 1151 2404 9,
1169 2326 1200 2389 6.

364 2432 573 2498 decernendi:
598 2434 806 2511 ψηφίσασθαι
831 2435 915 2496 ὥστε
939 2435 979 2510 μὴ
1003 2433 1086 2496 ἴσων
1107 2433 1244 2496 ἕκαστον
1260 2431 1431 2510 τυγχάνειν

257 2540 340 2603 Χοιι.
366 2539 439 2622 Cyn.
464 2540 543 2621 112,
561 2541 614 2602 20.

365 2646 597 2711 commovendi:
634 2651 700 2710 τῶν
727 2649 856 2725 Σαμίων
885 2648 1131 2726 προυτρέψαντο
1166 2648 1243 2724 τοὺς
1272 2647 1431 2722 δυνατοὺς

258 2753 341 2817 ὥστε
365 2757 535 2831 πειρᾶσθαι
559 2755 636 2831 μετὰ
660 2759 757 2832 σφῶν
781 2753 1029 2832 ὀλιγαρχηθῆναι
1054 2754 1156 2818 Thuc.
1175 2754 1254 2816 VIII
1278 2753 1331 2834 63,
1349 2754 1380 2816 3.

364 2860 566 2949 prohibendi:
604 2863 694 2940 μόλις
731 2863 761 2925 οἱ
795 2864 967 2940 στρατηγοὶ
1003 2863 1159 2940 κατέσχον
1198 2860 1283 2924 ὥστε
1317 2861 1357 2937 μὴ
1382 2861 1433 2922 καὶ

255 2968 332 3046 τοὺς
357 2969 550 3047 ἀνθρώπους
575 2971 817 3048 διαφθείρεσθαι
842 2969 944 3033 Thuc.
969 2970 1015 3033 IV
1041 2969 1114 3051 130,
1131 2969 1162 3032 6.

363 3075 563 3159 paciscendi:
590 3079 775 3156 συνέβησαν
792 3078 825 3154 ἐς
844 3078 961 3154 λόγους
980 3077 1191 3152 συνελθόντες
1210 3075 1294 3138 ὥστε
1309 3095 1432 3152 τριηκο-

258 3185 351 3260 σίους
369 3184 528 3261 ἑκατέρων
545 3186 755 3262 μαχέσασθαι,
780 3185 925 3262 ὁκότεροι
943 3181 970 3246 δ’
989 3184 1028 3246 άν
1045 3184 1282 3261 περιγένωνται,
1306 3181 1432 3245 τούτων

257 3289 337 3354 εἶναι
361 3292 418 3353 τὸν
441 3294 559 3368 χῶρον.
596 3291 671 3354 Her.
700 3291 716 3353 I
745 3292 797 3354 82.

364 3396 420 3461 sed
437 3398 534 3460 etiam
551 3397 706 3479 absolute,
730 3404 765 3461 ut
781 3399 827 3461 ita
844 3396 960 3479 dicam,
985 3403 1169 3481 usurpatus:
1194 3401 1260 3460 τῶν
1276 3395 1432 3473 ἡβώντων
1554 3463 1555 3470 ,

257 3506 343 3589 αὐτῷ
367 3506 561 3582 παρανόμως
587 3503 706 3583 ἄνδρας
731 3505 844 3582 ἐξῆγον
868 3506 904 3568 ἐκ
927 3506 1085 3584 Σπάρτης,
1109 3506 1194 3567 ὥστε
1218 3508 1283 3566 τῶν
1300 3504 1430 3566 πόλεων

256 3611 414 3689 ἄρχοντας
439 3611 625 3675 καθιστάναι
649 3613 699 3674 καὶ
724 3613 764 3690 μὴ
777 3617 846 3689 τοῑς
865 3613 1055 3690 ἐντυχοῦσιν
1074 3613 1254 3690 ἐπιτρέπειν
1268 3609 1371 3674 Thuc.
1385 3610 1430 3673 IV

260 3720 332 3801 132,
356 3720 387 3782 3.
433 3719 478 3796 ὡς
514 3721 548 3782 δέ
578 3719 769 3797 Ἀγησίλαος
804 3724 869 3784 τῶν
906 3721 1119 3799 διαβατηρίων
1154 3719 1337 3796 γενομένων
1374 3717 1431 3780 οὐκ

257 3825 395 3904 ἔμελλεν,
419 3823 489 3889 ἀλλ’
515 3826 698 3908 ἐπορεύετο,
723 3829 840 3890 πολλαὶ
864 3832 1031 3906 πρεσβεῖαι
1050 3827 1202 3904 ἀπήντων
1219 3828 1269 3889 καὶ
1286 3826 1430 3903 χρήματα
1554 3907 1555 3910 ¹

257 3934 416 4008 ἐδίδοσαν,
441 3935 525 3996 ὥστε
550 3935 590 4011 μὴ
615 3933 851 4012 ἐμβάλλειν...
898 3935 956 3997 οὐκ
980 3935 1158 3998 ἐθελόντων
1183 3935 1218 3996 δέ
1242 3933 1349 3996 αὐτῶν
1372 3933 1430 4009 τὴν

258 4039 432 4118 ἀκρόπολιν
449 4044 658 4118 παραδοῦναι,
674 4041 804 4119 ἐνέβαλε
821 4042 865 4117 εἰς
882 4041 940 4118 τὴν
956 4041 1064 4118 χώραν
1089 4041 1172 4103 Χου.
1189 4040 1272 4103 Hell.
1286 4039 1314 4102 V
1331 4039 1362 4120 3,
1379 4039 1430 4100 14.

364 4145 448 4223 Quid
472 4147 596 4210 intersit
619 4148 700 4210 inter
723 4147 911 4210 infinitivum
940 4146 1058 4210 nudum
1088 4148 1128 4211 ab
1153 4147 1214 4211 illis
1238 4146 1343 4210 verbis
1368 4145 1430 4210 effi-

258 4253 363 4318 ciendi
387 4261 448 4317 etc.
472 4253 663 4336 pendentem
688 4258 719 4316 et
742 4252 930 4317 infinitivum
955 4274 1026 4317 cum
1042 4253 1127 4317 ὥστε
1145 4255 1357 4335 coniunctum,
1375 4253 1429 4318 vix

257 4361 396 4444 perspici
420 4367 535 4443 potest.
581 4361 665 4427 Nain
689 4359 906 4424 Hercdctcnni
936 4359 1024 4442 illud,
1061 4360 1145 4442 qued
1175 4359 1311 4442 legimus
1336 4360 1428 4442 Vns

257 4469 404 4532 ἐνθεῦτεν
429 4469 471 4542 δέ,
496 4468 534 4530 οὐ
558 4468 618 4545 γὰρ
642 4467 747 4530 ἐπειθε
764 4467 839 4544 τοὺς
859 4468 955 4544 Χίους
981 4469 1065 4530 ὥστε
1089 4468 1199 4552 ἑωυτῷ
1217 4472 1330 4532 δοῦναι
1346 4468 1429 4543 νέας,
