3132 5116
709 401 866 468 „544

207 592 363 656 sententia
393 593 597 658 consecutiva
625 600 673 659 est
702 595 734 658 in
762 595 904 660 eratione
933 596 1071 679 obliqua,
1107 617 1209 680 neque
1244 599 1276 663 in
1311 600 1378 682 ilie,

208 699 292 780 ιριοιλ
317 721 412 784 supra
436 701 562 767 addidi:
588 703 663 766 Her.
688 704 768 766 VIII
795 704 867 767 106.
915 705 1026 768 Futuri
1051 705 1197 770 infinitivi
1222 727 1296 771 usus
1320 708 1379 790 igi-

208 813 266 888 tur,
292 829 483 891 (quamquam
507 812 665 876 rarissime
690 813 837 894 occurrit,
861 831 901 875 ne
924 813 957 875 in
981 813 1123 877 eratione
1145 820 1233 878 recta
1250 813 1379 895 quidem

208 911 347 980 dubitari
371 923 486 1000 petest.
533 919 582 982 De
607 919 709 983 Thuc.
734 919 782 981 III
807 919 898 1000 34‚3
922 941 952 983 ν.
977 942 1008 1003 p.
1032 921 1076 983 45
1100 941 1147 1002 sq.

314 1023 469 1100 Quoniam
494 1026 666 1090 infinitivus
689 1045 753 1090 non
777 1026 876 1090 selum
901 1027 1075 1109 mederum,
1100 1027 1157 1092 scd
1182 1029 1277 1092 etiam
1300 1035 1378 1092 tem-

206 1149 318 1212 porum
343 1139 429 1195 certe
454 1132 635 1197 discrimine
660 1133 799 1212 carebat,
835 1153 966 1198 necesse
1001 1133 1170 1199 videbatur
1204 1135 1315 1200 medos
1346 1141 1379 1200 et

128 1261 131 1269 ’
207 1243 351 1322 tempera
374 1239 463 1304 finita
486 1241 518 1304 in
542 1260 631 1305 usum
656 1241 775 1305 vocari.

314 1347 362 1410 Ac
384 1348 519 1430 primum
544 1347 671 1429 quidem
693 1347 886 1412 indicativus
901 1355 1071 1432 usurpatus
1095 1355 1151 1424 est,
1177 1350 1230 1431 qui
1254 1370 1319 1413 rem
1343 1370 1379 1414 re

207 1473 283 1517 vera
307 1461 508 1519 consecutam
533 1457 734 1540 exprimeret.
781 1456 972 1540 Temperum
1007 1475 1081 1520 usus
1110 1456 1288 1522 liberrimus
1312 1464 1377 1538 est3

206 1582 280 1626 nam
304 1561 520 1627 inveniuntur:

316 1671 344 1733 1.
369 1690 472 1753 praes.
497 1669 563 1734 ind.

314 1778 346 1855 u)
370 1784 443 1859 pest
478 1798 581 1861 praes.
618 1777 682 1842 ind.
729 1779 787 1841 τὸν
817 1780 852 1841 δὲ
881 1783 938 1855 τῆς
962 1779 1136 1857 Δήμητρος
1166 1780 1290 1857 καρπὸν
1314 1778 1379 1843 ιίιδε

209 1881 311 1960 ἀγαθή
337 1885 483 1963 ἐκφέρειν
507 1887 575 1949 ἐστὶ
611 1886 695 1951 ὥστε
725 1887 775 1950 ἐπὶ
804 1887 951 1963 διηκόσια
981 1887 1038 1964 μὲν
1060 1887 1097 1950 τὸ
1121 1887 1274 1964 παράπαν
1298 1881 1379 1950 ἀπο-

208 1995 292 2054 διδοῖ
316 1992 391 2055 Her.
416 1993 432 2055 I
458 1993 531 2056 193.

316 2101 345 2178 β)
370 2106 442 2182 pest
466 2121 532 2164 eor.
563 2100 627 2164 ind.
675 2103 732 2165 τὸν
769 2101 941 2180 Εὐφρήτην
973 2102 1119 2177 ποταμὸν
1154 2099 1239 2163 οὕτω
1275 2101 1313 2178 δή
1350 2122 1380 2164 τι

208 2206 340 2284 ἐποίησε
365 2209 497 2272 σκολιὸν
521 2207 606 2272 ὥστε
630 2212 668 2286 δή
693 2211 760 2287 τρίς
789 2210 822 2286 ές
847 2213 911 2272 τῶν
935 2229 1005 2270 τινα
1038 2208 1170 2284 κωμέων
1199 2207 1381 2271 ἀπικνέεται

208 2313 291 2391 ῥέων
315 2314 390 2377 Her.
415 2315 431 2377 I
457 2314 530 2378 185.

315 2423 346 2499 χλ
371 2427 443 2504 pcst
477 2422 557 2504 perf.
593 2421 658 2485 ind.
706 2421 921 2512 μεμηχάνηται
957 2423 1042 2487 ούτω
1077 2427 1173 2486 τούτο
1208 2423 1245 2486 τὸ
1273 2426 1392 2500 τεῖχος

210 2528 293 2592 ὥστε
318 2529 336 2592 ὁ
366 2528 474 2607 ἕτερος
509 2533 566 2592 τού
597 2531 707 2607 ἑτέρου
736 2530 852 2608 κύκλος
882 2535 966 2595 τοῑσι
996 2534 1202 2610 προμαχεῶσι
1232 2528 1382 2607 μούνοισί

208 2638 276 2700 ἑστι
302 2637 502 2716 ὑψηλότερος
527 2637 603 2701 Her.
628 2637 721 2701 198.

314 2745 345 2807 2.
370 2743 493 2827 imperf.

314 2854 346 2930 u)
372 2858 444 2935 pest
479 2871 582 2935 praes.
626 2851 691 2915 ind.
743 2853 793 2915 καὶ
829 2853 930 2928 τόλμα
966 2853 1001 2915 δὲ
1035 2851 1187 2929 ἀτολμίας
1223 2847 1290 2913 ἔσθ’
1327 2849 1382 2914 ὅτε

209 2963 369 3022 τοσούτον
400 2960 543 3038 διαφέρει
573 2959 657 3022 ὥστε
687 2959 842 3037 Δελφίων
872 2981 919 3036 τις
948 2960 1058 3036 ἱκανὸς
1082 2959 1122 3035 ήν
1146 2957 1280 3021 κωλύειν
1303 2958 1382 3034 τοὺς

210 3068 426 3146 βουλομένους
451 3067 580 3145 εἰρήνην
604 3071 772 3130 ποιεῖσθαι.
797 3067 879 3130 Xen.
904 3067 987 3130 HeII.
1013 3067 1040 3129 V
1064 3066 1095 3147 3,
1119 3067 1172 3130 22.

317 3177 347 3253 β)
371 3179 443 3257 pest
479 3173 604 3258 imperf.
650 3174 788 3252 ἡσυχίαν
816 3172 900 3252 εἶχεν
930 3173 948 3236 ὁ
979 3178 1078 3251 δῆμος
1109 3174 1158 3235 καὶ
1187 3171 1383 3247 κατάπληξιν

209 3281 361 3358 τοιαύτην
397 3281 482 3344 ὥστε
515 3283 628 3360 κέρδος
657 3281 675 3344 ὁ
701 3283 740 3358 μή
770 3281 907 3358 πάσχων
938 3302 965 3343 τι
991 3281 1101 3359 βίαιον,
1136 3280 1163 3342 εἰ
1191 3280 1241 3341 καί
1271 3280 1384 3361 σιγήιῃ,

209 3389 333 3466 ἐνόμιζε
357 3388 458 3452 Thuc.
484 3389 564 3452 VIII
587 3389 640 3469 66,
665 3389 695 3451 2.

315 3498 347 3575 γ)
371 3503 443 3580 post
479 3517 544 3559 aer.
580 3495 645 3559 ind.
705 3495 831 3570 ἐγένετο
869 3496 996 3572 σπουδή
1031 3497 1087 3557 τού
1123 3497 1206 3556 πλού
1242 3492 1384 3570 τοιαύτη,

210 3603 294 3667 ύύστε
317 3604 432 3680 ήσθιόν
455 3625 488 3667 τε
513 3604 576 3681 άμα
600 3603 792 3679 ἐλαύνοντες
816 3605 866 3667 καί
890 3603 920 3665 οἱ
950 3604 1006 3680 μὲν
1034 3600 1137 3665 ύπνον
1166 3604 1315 3684 ᾐρούντο,
1352 3600 1385 3663 οἱ

210 3712 245 3774 δὲ
268 3711 411 3788 ἤλαυνον
435 3709 536 3774 Thue.
561 3710 613 3773 III
635 3710 689 3792 49,
706 3710 737 3772 3.

316 3818 346 3881 3.
372 3838 437 3880 ποτ’.
462 3816 527 3880 ind.

316 3926 348 4004 n)
373 3930 446 4008 pest
469 3944 573 4007 praes.
597 3923 663 3987 ind.
710 3923 820 4002 ἀπέχει
845 3925 863 4001 ή
889 3923 1017 4000 Ῥήνεια
1046 3927 1102 4000 τῆς
1127 3923 1240 3999 Δήλου
1276 3917 1383 3997 οὕτως

210 4033 329 4108 ὀλίγον,
354 4031 438 4095 ὥστε
460 4031 672 4110 Πολυκράτης
702 4031 836 4108 ἀνέθηκε
865 4037 909 4114 τῷ
934 4029 1112 4093 Ἀπόλλωνι
1141 4028 1253 4093 ἁλύσει
1278 4028 1384 4105 δήσας

210 4141 291 4216 πρὸς
316 4141 373 4215 τήν
397 4140 508 4216 Δήλον
533 4138 634 4202 Thuc.
658 4139 709 4201 III
735 4138 808 4219 104,
826 4140 856 4201 2.

318 4248 347 4326 β)
371 4253 443 4329 post
472 4246 597 4329 imperf.
643 4245 791 4328 τοσούτιμ
825 4246 972 4323 διέφερεν
1007 4249 1064 4308 τού
1095 4245 1260 4323 Θίβρωνος
1297 4241 1385 4306 ὥστε

211 4353 375 4430 παρήγαγε
410 4354 447 4416 τὸ
483 4352 664 4430 στράτευμα
694 4352 745 4415 διά
775 4356 831 4429 τῆς
862 4353 971 4430 φιλίας
1002 4352 1107 4430 χώρας
1133 4351 1228 4414 οὐδὲν
1253 4348 1383 4428 βλάψας

210 4460 287 4536 τοὺς
312 4458 508 4538 συμμάχους.
532 4460 616 4524 Xen.
640 4459 722 4523 Heli.
747 4458 799 4521 ΙΠ
825 4459 925 4540 1,1ύ.
