3132 5116
741 397 916 452 ..38-

370 547 409 644 8.
426 601 491 644 aor.
517 584 582 664 opt.
608 601 635 643 c.
660 578 700 643 dv
725 579 799 664 Gyr.
824 578 981 661 Π4,15.
1017 577 1078 662 Rp.
1103 577 1182 642 Lac.
1209 578 1259 658 13,
1276 577 1307 642 5.

370 688 400 751 9.
425 687 549 771 imperf.
575 707 603 751 c.
628 686 668 750 ἄν
693 686 766 770 (lyr.
791 687 854 750 VII
880 686 979 768 1,16.

353 796 400 858 10.
426 815 491 858 aor.
516 793 581 858 ind.
606 815 633 858 c.
659 792 699 857 ἄν
724 794 798 878 Oyr.
823 794 868 858 IV
892 795 923 876 5,
941 794 972 856 6.
1008 792 1105 875 Ages.
1132 792 1160 874 1,
1178 792 1231 856 26.

351 904 400 965 11.
425 903 535 986 imper.
559 921 663 986 praes.
688 901 762 986 Oyr.
787 902 802 964 Ι
826 901 927 982 3,18.
964 901 1063 965 Conv.
1088 901 1118 981 2,
1136 900 1167 963 9.
1192 899 1294 981 4,16.

347 1009 519 1073 Praeterea
548 1029 617 1074 sex.
634 1009 713 1074 locis
742 1008 900 1073 sententia
931 1007 1162 1090 interrogativa
1195 1007 1344 1088 sequitur,
1381 1007 1413 1070 in

242 1137 305 1198 qua
328 1123 434 1180 exstat

348 1226 380 1304 α)
416 1244 520 1307 praes.
545 1223 611 1287 ind.
636 1226 720 1287 ὥστε
749 1224 778 1286 τί
808 1222 888 1286 ἄλλο
919 1223 938 1300 ἢ
968 1223 1223 1300 ἱπποκένταυρος
1252 1222 1414 1300 γίγνομαι;

241 1331 315 1415 (lyr.
341 1332 386 1396 IV
410 1333 441 1414 3,
459 1333 512 1395 20.
537 1332 617 1395 VIII
641 1331 672 1413 4,
692 1332 743 1394 11.

349 1441 379 1518 β)
403 1459 507 1522 praes.
532 1444 597 1521 opt.
623 1459 650 1502 c.
676 1437 729 1501 dv:
753 1437 837 1501 ὥστε
861 1441 931 1514 πῶς
956 1437 1015 1500 οὐκ
1039 1437 1078 1500 ἂν
1102 1437 1165 1512 ἐγὼ
1191 1437 1320 1513 δικαίως
1337 1437 1414 1514 μνή-

241 1566 301 1623 μης
327 1545 526 1624 τυγχάνοιμι;
551 1544 625 1629 Oyr.
651 1545 730 1609 VIII
755 1545 784 1626 1,
802 1545 833 1608 9.
869 1544 951 1608 Hell.
977 1544 1022 1607 VI
1049 1544 1125 1626 1,1.
1325 1539 1326 1544 ’

346 1655 378 1730 γ)
404 1673 469 1715 aor.
494 1659 559 1736 opt.
585 1672 612 1716 c.
637 1651 690 1716 dv:
726 1652 811 1715 ὥστε
836 1655 986 1728 νικῶντες
1015 1652 1071 1729 μὲν
1100 1651 1171 1714 τίνα
1199 1651 1239 1713 ἂν
1268 1650 1414 1714 ἀποκτεί-

241 1780 364 1837 ναιμεν;
389 1758 492 1823 Anah.
517 1760 549 1822 II
573 1761 604 1842 4,
622 1761 652 1823 6.
689 1759 772 1823 Hell.
798 1760 843 1824 VI
866 1757 897 1841 5,
914 1759 968 1821 42.

348 1867 398 1929 Dc
422 1866 574 1949 simplicis
598 1867 733 1950 optativi
756 1885 816 1930 usu
838 1865 871 1929 in
901 1865 977 1932 Oce.
1005 1866 1033 1946 1,
1059 1864 1108 1928 13.
1151 1865 1225 1949 Oyr.
1251 1864 1278 1928 V
1302 1864 1333 1947 5,
1358 1865 1414 1928 30.

241 1973 272 2056 3,
289 1974 340 2038 47.
377 1974 460 2038 Hcll.
485 1974 533 2037 III
557 1975 588 2057 5,
606 1975 648 2038 23
673 1973 714 2038 cl.
739 1996 769 2058 p.
794 1974 847 2038 49.

458 2313 509 2378 Dc
533 2315 577 2391 ὡς
603 2312 784 2396 particula
808 2331 875 2396 pro
900 2315 984 2383 ὥστε
1008 2312 1193 2396 usurpata.

348 2512 410 2574 Pro
434 2513 519 2574 ὥστε
548 2510 705 2593 particula
733 2511 917 2594 saepissime
947 2510 991 2587 ὡς
1022 2510 1167 2592 usurpari
1196 2509 1274 2572 satis
1303 2514 1412 2571 notum

241 2624 304 2698 cst3
341 2617 417 2698 quid
446 2612 571 2681 intersit
598 2638 661 2681 non
691 2623 824 2681 constat.
871 2618 983 2698 Neque
1017 2616 1206 2680 crediderim
1242 2615 1412 2679 discrimen

241 2726 337 2788 statui
361 2745 454 2808 posse
477 2725 538 2788 nisi
562 2723 633 2806 hoc,
670 2723 755 2806 quod
780 2725 889 2788 statuit
914 2724 1029 2788 Seumc
1054 2745 1085 2807 p.
1112 2724 1168 2788 19:
1206 2723 1342 2787 ‘Tamen
1366 2721 1412 2785 di-

240 2832 376 2894 scrimen
399 2830 528 2912 aliquod
553 2837 601 2895 cst
624 2832 705 2894 inter
729 2833 813 2894 ὥστε
839 2838 870 2895 et
894 2831 948 2908 ὡς,
980 2852 1044 2894 non
1068 2831 1309 2914 significationis
1333 2829 1411 2893 illud

241 2937 378 3019 quidem,
415 2937 471 3002 sed
495 2957 580 3002 usus.
634 2937 832 3019 Quamquam
858 2938 940 3002 enim
964 2939 1008 3016 ὡς
1034 2939 1218 3022 saepissime
1242 2945 1412 3021 usurpatur

240 3065 298 3128 pro
323 3047 415 3120 ὥστε,
439 3065 599 3126 nunquam
622 3046 750 3128 ponitur
774 3047 867 3121 ὥστε,
891 3046 944 3110 ubi
968 3047 1118 3110 usitatum
1143 3052 1190 3109 est
1214 3046 1267 3122 ὡς,
1291 3045 1324 3107 in
1343 3064 1411 3108 sen-

241 3152 348 3215 tentiis
380 3151 536 3233 finalibus,
572 3152 808 3235 temporalibus,
845 3159 919 3215 ante
952 3152 1172 3236 superlativos,
1207 3158 1280 3235 post.
1313 3151 1411 3216 verba

241 3258 378 3340 dicendi,
404 3255 667 3323 sentiendi'sim)

347 3366 519 3429 Praeterea
541 3366 574 3428 in
597 3365 781 3449 usurpanda
805 3366 849 3442 ὡς
873 3386 931 3449 pro
956 3367 1040 3429 ὥστε
1063 3365 1221 3449 particula
1241 3365 1411 3449 scriptores

240 3473 372 3536 multum
396 3473 477 3536 inter
501 3493 534 3536 se
559 3472 725 3536 differunt:
761 3493 834 3535 nam
858 3471 958 3556 ‘apud
981 3473 1152 3536 Homerum
1178 3473 1222 3550 ὡς
1250 3492 1411 3552 nunquam

240 3581 271 3642 in
297 3580 508 3644 consecutivis
532 3580 695 3644 sententiis
719 3581 907 3644 invenimus’
927 3579 1056 3660 (Semne
1067 3601 1099 3663 p.
1116 3580 1168 3660 19)
1195 3582 1289 3660 (quac
1306 3598 1411 3642 exem-

240 3687 294 3769 pla
318 3687 423 3750 attulit
446 3687 613 3750 Fellmann
636 3709 667 3770 p.
685 3687 728 3750 23
745 3707 802 3769 sq,
827 3687 920 3750 aliter·
944 3686 1136 3770 explicanda
1160 3688 1243 3763 sunt)
1269 3691 1301 3749 ct
1325 3684 1409 3750 ‘cum

241 3792 429 3877 Aeschylus,
455 3793 640 3876 Sophocles,
665 3793 856 3875 Herodotus,
881 3794 1061 3876 Xenophon
1085 3794 1129 3870 ὡς
1153 3814 1211 3876 pro
1235 3794 1320 3856 ὥστε
1344 3812 1410 3856 sac-

240 3899 369 3982 pissimc
392 3905 521 3983 ponant,
558 3899 598 3962 ab
623 3898 777 3982 Euripide
802 3901 846 3977 ὡς
877 3901 974 3963 semel
1004 3906 1125 3963 tantum
1155 3901 1200 3963 sle
1230 3908 1409 3982 usurpatur,

240 4025 343 4087 neque
366 4007 458 4089 plura
482 4006 629 4089 exempla
653 4013 780 4070 exstant
804 4005 890 4090 apud
914 4006 1137 4091 Thucydidem
1169 4011 1200 4070 ct
1229 4005 1315 4089 apud
1339 4006 1409 4069 Pla-

241 4119 362 4194 toncm3
387 4114 418 4176 in
443 4112 656 4196 Aristophane
680 4119 786 4176 autem
811 4120 842 4176 et
866 4113 1043 4177 oratoribus
1060 4113 1175 4177 Atticis
1199 4112 1260 4176 hoc
1276 4113 1321 4190 ὡς
1339 4133 1408 4176 con-

241 4221 417 4284 secutivum
441 4220 557 4284 frustra
581 4219 728 4301 quaercs’
752 4220 881 4300 (Semne
904 4242 935 4304 p.
960 4222 1027 4300 21).

348 4328 453 4408 Atque
476 4327 657 4391 Herodotus
682 4326 819 4409 quidem,
856 4331 890 4391 ut
914 4328 1057 4390 omittam
1082 4328 1276 4392 elocutiones
1300 4326 1409 4408 quales

240 4439 313 4500 sunt
337 4435 382 4513 ὡς
407 4435 519 4518 (λόγῳ)
543 4434 651 4510 εἰπεῖν,
676 4435 720 4511 ὡς
738 4435 772 4497 ἐν
789 4435 947 4518 ἐλαχίστῳ
965 4435 1012 4514 (ἐν
1025 4435 1135 4498 πλέονι
1150 4435 1248 4517 λόγῳ)
1266 4437 1410 4511 δηλῶσαι
