3132 5116
753 364 948 467 ι-ιοέ

255 587 417 673 μύρμηκας
442 591 662 672 συλλέγεσθαι,
686 595 805 660 οὐδένα
828 593 878 660 ἄν
892 609 1006 674 σφεων
1030 590 1258 662 ἀποσώζεσθαι
1282 590 1332 661 ΙΙΙ
1353 591 1430 662 105.

254 703 311 766 τόν
335 703 395 780 γὰρ
419 705 564 782 ποταμὸν
588 708 716 782 πρῆγμα
739 703 779 767 ἂν
803 703 843 780 ἦν
866 707 987 782 μοῦνον
1011 704 1133 768 ἐπεῖναί
1159 719 1272 784 σφεων
1295 706 1347 770 ἐπὶ
1368 707 1431 784 τὴν

254 809 371 887 χώρην,
395 809 481 874 ὥστε
505 811 690 887 Θεσσαλίην
713 813 823 873 πᾶσαν
847 809 907 876 ἔξω
931 815 996 874 τῶν
1020 805 1124 889 ὀρέίυν
1149 811 1317 890 ὑπόβρυχα
1340 813 1430 888 γενέ-

254 921 329 980 σθαι
352 916 415 981 VII
440 917 514 980 130.
561 917 681 996 (Verba
705 935 787 998 quae
811 916 997 999 leguntur]
1016 917 1057 981 75
1081 916 1166 981 ὥστε
1260 917 1428 1002 ἀμφοτέρῃ

254 1025 404 1103 διαβατός
428 1025 556 1101 ἐγένετο
580 1025 612 1089 in
635 1023 779 1088 oratione
803 1024 933 1107 obliqua
955 1025 1154 1109 parenthesis
1174 1027 1279 1090 locum
1307 1026 1429 1092 habere

253 1130 397 1215 putanda
419 1133 515 1211 sunt.)
1149 1188 1152 1194 .

360 1240 391 1302 2.
427 1238 459 1302 in
482 1237 653 1324 partieipio
677 1239 783 1323 posita
806 1258 846 1302 ex
870 1238 968 1304 verbo
992 1238 1165 1303 sentiendi:

360 1347 458 1424 αὐτὸς
483 1346 568 1410 οὕτω
592 1347 692 1425 κάρτα
716 1347 818 1410 δοκέω
840 1346 928 1422 εἶναι,
953 1347 1031 1411 ἰδών
1047 1368 1081 1411 τε
1097 1349 1157 1426 τήν
1171 1347 1332 1424 Αἴγυπτον
1347 1368 1427 1425 προ-

253 1456 399 1534 κειμένην
428 1459 484 1532 τῆς
515 1455 669 1533 ἐχομένης
698 1459 757 1532 γῆς
791 1453 943 1532 κογχύλιά
976 1474 1010 1517 τε
1043 1455 1223 1533 φαινόμενα
1256 1455 1307 1538 άῑὶ
1340 1459 1429 1518 τοῖσι

253 1561 343 1641 ὄρεσι
367 1564 418 1626 καὶ
440 1560 542 1640 ἅλμην
559 1562 791 1636 ἐπανθέουσαν,
816 1559 967 1624 ὥστεκαὶ
983 1561 1041 1638 τὰς
1057 1563 1237 1640 πυραμίδας
1255 1563 1428 1639 δηλέεσθαι

253 1669 286 1732 ΙΙ
300 1671 351 1732 12.
399 1668 593 1746 συνοίδαμεν
617 1668 691 1746 ὑμῖν
715 1668 778 1732 ὑπὸ
802 1669 859 1731 τόν
875 1668 1038 1746 παρεόντα
1054 1669 1314 1747 τόνδεῑπόλεμονΙ
1334 1669 1427 1732 ἐοῦσι

253 1777 377 1839 πολλὸν
400 1774 681 1854 προθυμοτάτοισι,
705 1773 790 1837 ὥστε
813 1776 864 1837 καὶ
887 1778 988 1838 ταῦτα
1011 1773 1179 1839 ἐσακούειν
1202 1775 1251 1838 IX
1267 1775 1320 1840 60.

359 1882 390 1945 3.
426 1901 467 1946 ex
490 1881 539 1945 ότι
564 1881 800 1946 eoniunotione:

359 1990 512 2066 ἐξήλαυνε
537 1990 697 2052 δὲτῶνδε
721 1988 849 2064 εἵνεκεν,
879 1987 927 2051 ότι
952 1987 1027 2054 οὔτε
1049 1988 1207 2067 ἱππασίμη
1231 1989 1251 2066 ἡ
1276 1989 1362 2067 χώρη
1383 1987 1427 2066 ἦν

251 2097 271 2174 ἡ
295 2095 425 2174 Ἀττική,
450 2095 527 2160 εἴτε
543 2102 659 2180 νικῷτο
675 2095 858 2173 συμβαλών,
882 2094 1058 2172 ἀπάλλαξις
1083 2095 1141 2158 οὐκ
1161 2095 1201 2172 ἠν
1222 2094 1271 2159 ότι
1287 2098 1328 2174 μὴ
1344 2096 1427 2159 κατὰ

252 2204 388 2278 στεινόν,
428 2201 513 2266 ὥστε
545 2204 597 2265 καὶ
630 2201 760 2279 όλίγους
795 2202 899 2280 σφέας
933 2201 1126 2279 ἀνθρώπους
1159 2201 1263 2281 ἴσχειν
1297 2203 1345 2266 IX
1372 2202 1426 2266 13.

253 2310 303 2390 (In
331 2309 499 2390 sententia,
536 2328 618 2390 quae
648 2314 755 2372 exstat
783 2307 816 2371 Π
842 2309 882 2372 19
917 2307 1002 2372 ὥστε
1039 2310 1157 2387 βραχὺς
1192 2301 1250 2372 τὸν
1285 2311 1427 2387 χειμῶνα

252 2416 379 2481 ἅπαντα
403 2417 555 2480 διατελέει
579 2417 643 2479 ἐών
666 2421 739 2499 post
762 2417 926 2495 πρόθυμος
942 2415 988 2478 ’ἔα
1012 2415 1088 2479 τάδε
1109 2412 1186 2493 παρ’
1204 2415 1312 2479 αὐτῶν
1328 2417 1426 2479 πυθέ-

252 2531 327 2589 σθαι
350 2523 399 2588 ότι
423 2529 485 2588 eto.
510 2522 622 2588 eodem
646 2522 741 2588 modo
770 2545 809 2588 ao
837 2543 932 2608 supra
959 2523 992 2586 in
1021 2524 1037 2586 Ι
1062 2511 1103 2587 75
1133 2523 1333 2608 parenthesis
1361 2529 1427 2588 sta*

251 2631 371 2695 tuenda
394 2651 463 2696 esse
486 2630 564 2695 mihi
587 2630 738 2711 videtur.)
1197 2651 1198 2654 ¹
1268 2630 1272 2636 ’

358 2738 386 2819 f)
422 2737 596 2803 infinitivus
620 2758 691 2802 oum
715 2738 800 2802 ὥστε
824 2739 1010 2803 ooniunetus
1039 2737 1222 2822 explicandi
1252 2757 1350 2802 eausa
1378 2737 1426 2802 ad

251 2865 424 2936 pronomen
452 2845 735 2910 demonstrativum
762 2845 904 2910 aceedit:
940 2845 967 2909 εἰ
990 2846 1051 2923 γὰρ
1075 2847 1114 2923 δὴ
1133 2845 1235 2909 ’τοῦτό
1258 2866 1294 2921 γε
1319 2845 1427 2910 δοκέει

251 2954 325 3033 ὑμῖν
349 2952 429 3017 εἶναι
453 2954 595 3031 χρηστόν
619 2952 703 3016 ὥστε
727 2951 976 3038 τυραννεύεσθαι
1000 2953 1058 3029 τὰς
1082 2953 1185 3029 πόλις,
1220 2951 1311 3015 αὐτοὶ
1335 2956 1426 3030 πρῶ-

250 3080 300 3124 τοι
323 3060 482 3138 τύραννον
505 3059 782 3138 καταστησάμενοι
803 3061 890 3138 παρὰ
912 3061 1007 3140 σφίσι
1023 3061 1150 3123 αὐτοῖσι
1167 3058 1253 3123 οὕτω
1270 3061 1320 3123 καὶ
1336 3063 1426 3123 τοῖσι

251 3167 378 3231 άλλοισι
403 3169 531 3245 δίζησθε
555 3167 741 3231 κατιστάναι
766 3168 888 3232 V92‘2.

357 3275 395 3337 ln
418 3273 476 3355 his,
501 3293 583 3355 quae
607 3273 770 3355 hueusque
794 3275 986 3356 enumerari,
1012 3274 1227 3358 exemplorum
1251 3272 1428 3356 generibus

250 3381 352 3444 forma
375 3382 445 3465 ipsa
468 3379 658 3445 infinitivum
681 3381 836 3465 postulat3
861 3388 1028 3464 praeterea

356 3489 391 3571 g)
415 3487 588 3552 infinitivus
612 3487 697 3551 solus
720 3493 814 3573 aptus
831 3494 888 3571 est,
914 3487 1051 3569 quirem
1068 3488 1235 3572 exprimat,
1261 3507 1342 3568 quae
1358 3507 1428 3552 non

249 3614 362 3659 revera
385 3601 596 3675 consequatur
620 3595 671 3658 vel
695 3600 866 3659 oonseouta
890 3595 941 3677 sit,
976 3594 1033 3659 sed
1062 3595 1211 3677 consequi
1240 3595 1341 3679 possit
1368 3596 1427 3658 vel

248 3702 401 3787 potuerit:
432 3705 532 3765 ταῦτα
555 3703 616 3779 γὰρ
641 3704 697 3782 (se.
715 3701 951 3786 Thermopylae
975 3708 1008 3766 et
1022 3701 1240 3782 Artemisium)
1264 3701 1365 3780 ἀγχοῦ
1385 3723 1427 3767 τε

249 3807 399 3886 ἀλλήλων
423 3809 490 3872 ἐστὶ
514 3807 600 3872 ὥστε
623 3808 842 3872 πυνθάνεσθαι
866 3809 904 3872 τὰ
933 3809 1012 3872 κατὰ
1040 3809 1210 3886 ἑκατέρους
1238 3809 1334 3873 ἐόντα
1357 3809 1427 3874 VII

251 3915 324 3980 175.
372 3916 443 3979 Hue
467 3914 550 3979 trahi
573 3935 668 3999 posse
691 3915 770 3979 mihi
793 3914 919 3979 videtur
942 3916 1039 3979 etiam
1062 3916 1095 3979 ΙΙ
1113 3916 1169 3980 ίΙι
1195 3917 1232 3979 τὸ
1249 3916 1347 3994 δέρμα
1364 3916 1426 3979 αὐ-

248 4027 305 4085 τοῦ
330 4021 415 4086 οὕτω
440 4023 478 4100 δή
503 4044 532 4086 τι
555 4021 640 4101 παχύ
663 4022 731 4086 ἐστι
748 4021 833 4086 ὥστε
848 4021 929 4086 αὔου
946 4024 1121 4101 γενομένου
1138 4023 1238 4089 ξυστὰ
1254 4024 1427 4089 ποιέεσθαι

248 4131 280 4197 ἐξ
304 4130 412 4194 αὐτοῦ.

354 4237 492 4302 Exstant
515 4243 622 4301 autem
644 4237 802 4321 permulta
826 4238 983 4321 exempla,
1008 4238 1040 4301 in
1065 4237 1178 4320 quihus
1198 4257 1301 4320 neque
1317 4236 1428 4304 forma

247 4365 350 4427 neque
379 4364 489 4409 sensns
518 4344 706 4410 infinitivum
735 4346 896 4429 postulare
925 4344 1061 4427 videtur,
1096 4345 1214 4429 quippe
1242 4364 1324 4426 quae
1352 4364 1427 4411 rem

247 4453 436 4536 exprimant,
461 4471 543 4533 quae
567 4471 678 4516 revera
703 4457 914 4533 consequatur
938 4451 989 4516 vel
1006 4458 1177 4516 eonseouta
1194 4452 1244 4516 sit.
1292 4451 1355 4516 Hie
1372 4461 1428 4519 est
