3132 5116
658 395 991 456 ....7-.’Ι

144 580 308 666 Exempla
332 580 431 645 allata
454 577 582 662 docent,
618 598 712 660 quarn
737 578 827 642 varia
856 577 897 642 sit
926 576 1011 661 apud
1041 573 1182 658 tragicos
1211 580 1323 658 poetas

146 688 238 753 ὥστε
260 688 438 773 particulae
462 685 666 752 constructio.
713 686 826 766 Neque
850 683 1040 749 crediderim
1064 683 1148 747 hanc
1165 681 1322 764 quaestio-

145 815 233 877 nem,
269 794 346 877 quid
370 794 495 859 intersit
518 795 601 858 inter·
624 792 788 857 modorum
813 791 971 856 finitorum
995 798 1028 855 et
1051 789 1197 855 infinitivi
1221 809 1322 870 usum,

146 902 275 966 absolvi
298 921 336 966 eo
360 900 553 982 discrimine,
579 899 664 984 quod
681 900 846 964 Fellmarm
862 921 893 983 p.
909 899 950 963 18
963 918 1009 980 sq.
1027 896 1230 962 statuendum
1254 915 1324 960 esse

146 1009 291 1095 putavit:

286 1115 332 1197 ‘al
358 1116 393 1181 si
416 1114 528 1180 modos
551 1115 656 1180 linitos
672 1120 841 1199 usurpatos
856 1113 1011 1195 videmus,
1036 1111 1213 1176 sententiae
1230 1110 1323 1193 dnae,

242 1243 374 1305 quarum
397 1229 532 1304 utraque
555 1221 681 1306 pondus
705 1242 794 1286 suum
819 1241 971 1302 suamque
994 1219 1059 1284 vim
1084 1219 1192 1300 habet,
1227 1219 1323 1303 parti-

243 1330 315 1395 cula
337 1330 393 1394 illa
416 1329 501 1394 ὥστε
525 1330 596 1410 (ὡς)
620 1330 666 1393 ita
687 1329 769 1393 inter
793 1348 862 1393 sese
886 1329 1128 1410 coniunguntur,
1164 1331 1199 1390 ut
1223 1326 1324 1404 altera

243 1457 282 1501 ex
306 1438 407 1501 altera
431 1457 595 1502 emanasse
619 1435 776 1519 videatur,
806 1436 856 1501 eui
880 1436 925 1499 rei
950 1433 1143 1498 indicandae
1166 1433 1324 1517 particula

242 1543 297 1608 illa
320 1543 462 1608 inservit.
495 1583 539 1590 —
569 1544 617 1608 Ao
641 1544 797 1608 sententia
820 1543 949 1607 maioris
973 1540 1123 1606 momenti
1147 1540 1252 1625 posita
1276 1546 1324 1605 est

243 1651 275 1715 in
299 1653 462 1715 enuntiato
487 1653 701 1733 consecutivo,
725 1672 788 1715 non
812 1651 843 1715 in
866 1650 1027 1735 primario.

286 1759 319 1838 b)
354 1758 406 1841 At,
431 1760 457 1823 si
482 1758 670 1823 infinitivum
695 1779 766 1824 cum
790 1759 843 1835 ὡς,
872 1758 956 1822 ὥστε
981 1757 1182 1822 coniunctum
1205 1757 1323 1840 perspi-

243 1866 356 1948 cimus,
392 1866 550 1930 sententia
585 1867 686 1932 altera
721 1887 791 1931 cum
827 1867 927 1930 altera
962 1865 1119 1930 artissime
1155 1863 1325 1928 coniuncta

243 1979 301 2044 est
325 1973 482 2050 -Quae
506 1994 577 2038 cum
601 1975 646 2038 ita
670 1974 742 2056 sint,
767 1976 793 2039 si
810 1974 965 2039 infinitivo
982 1973 1075 2049 ὥστε,
1100 1973 1144 2049 ὡς
1162 1971 1323 2037 adiectum

243 2080 397 2163 videmus,
433 2082 589 2146 sententia
612 2082 741 2146 maioris
764 2081 915 2146 momenti
939 2081 1124 2166 plerumque
1147 2080 1252 2164 posita
1276 2085 1324 2144 est

245 2188 276 2251 in
300 2189 463 2253 enuntiato
486 2190 647 2273 primario,
671 2190 788 2253 nonin
812 2188 991 2252 infinitivo'.

154 2295 224 2359 Hoc
248 2294 418 2360 discrimen
441 2296 519 2360 nihil
544 2298 622 2361 certi
646 2297 744 2362 habet
766 2317 870 2378 neque
893 2296 1016 2361 varium
1040 2295 1124 2358 ὥστε
1148 2295 1324 2378 particulae

154 2420 243 2465 usum
267 2402 478 2486 amplectitur.
531 2403 636 2485 Atque
660 2410 776 2485 tamen,
813 2423 1014 2485 quamquam,
1050 2408 1084 2465 ut
1107 2408 1194 2466 recte
1217 2407 1324 2466 monet

155 2506 269 2573 Seume
293 2531 324 2593 p.
348 2510 402 2591 48,
439 2515 526 2574 certa
549 2510 612 2592 lex,
637 2531 718 2592 quae
741 2517 845 2574 utrum
869 2509 1043 2575 infinitivus
1066 2530 1107 2572 an
1130 2507 1325 2572 indicativus

156 2615 320 2699 ponendus
344 2617 384 2681 sit
408 2616 440 2680 in
464 2618 644 2682 universum
669 2620 779 2683 stricte
803 2618 1001 2699 determinet,
1031 2637 1095 2680 non
1118 2622 1234 2697 exstat,
1260 2637 1325 2680 oer-

155 2728 207 2785 tae
234 2724 365 2806 regulae
394 2724 435 2789 de
461 2725 619 2789 nonnullis
649 2726 897 2790 enuntiationum
928 2724 1099 2807 generibus
1128 2724 1225 2787 statui
1254 2743 1324 2806 pos-

156 2835 236 2892 sunt.
282 2831 375 2895 Hanc
397 2831 481 2895 viam
506 2833 666 2914 ingressus
690 2839 736 2896 est
761 2831 886 2914 Senme,
912 2833 965 2913 qui
989 2833 1033 2916 (p.
1057 2832 1100 2895 48
1117 2833 1178 2912 sq.)
1202 2829 1260 2895 has
1284 2829 1324 2894 de

155 2935 309 3001 infinitivo
333 2944 365 3002 et
388 2937 563 3003 indicativo
587 2940 716 3022 regulas
738 2938 843 3002 dedit:

284 3043 454 3120 ‘Quattuor
478 3045 583 3110 causis
606 3045 650 3127 fit,
674 3051 710 3109 ut
733 3044 923 3110 secundaria
943 3045 1100 3109 sententia
1116 3044 1324 3109 indicativum

243 3149 362 3214 habere
390 3172 454 3215 non
483 3153 597 3235 possit:
634 3151 787 3236 primaria
814 3159 869 3216 aut
897 3152 929 3214 in
957 3151 1112 3215 infinitivo
1136 3157 1184 3215 est
1208 3152 1324 3235 depen-

245 3255 323 3320 dens
346 3277 386 3320 ex
410 3259 508 3323 verbo
532 3257 660 3324 dicendi
684 3260 752 3324 sim.
778 3265 833 3323 aut
855 3258 1007 3342 negativa
1022 3265 1078 3322 aut
1094 3257 1323 3324 condicionalis

244 3369 299 3426 aut
321 3363 562 3446 interrogativa.

288 3491 319 3554 p.
343 3470 383 3534 51
434 3470 612 3537 ludicativo
636 3493 687 3537 res
711 3475 744 3537 in
767 3473 853 3537 facto
869 3474 993 3556 positae
1010 3474 1242 3557 exprimentum
1268 3471 1325 3536 sed

244 3576 462 3641 huiuscemodi
487 3599 537 3643 res
561 3580 656 3643 etiam
681 3580 836 3644 infinitivo
861 3579 996 3664 exprimi
1012 3579 1160 3643 vidimus.
1197 3580 1233 3642 ln
1250 3600 1324 3643 non-

244 3683 336 3748 nullis
360 3689 482 3748 tantum
507 3684 699 3750 dictionibus
722 3686 914 3751 indicativus
930 3686 1065 3750 usitatus
1082 3692 1144 3750 est:
1170 3687 1215 3763 εἰς
1228 3690 1324 3750 τοῦτο

244 3841 341 3853 .....
365 3791 460 3868 ἥκειν,
484 3793 644 3856 τοσούτου
670 3794 741 3869 δέω,
765 3797 924 3857 τοσοῦτον
948 3792 1080 3870 ἀπέχω’.

157 3892 255 3960 Recte
278 3897 416 3978 quidem.
464 3898 655 3963 Monendum
685 3906 790 3963 tamen
820 3906 868 3965 est
895 3900 954 3964 has
982 3901 1108 3983 regulas
1136 3902 1260 3966 nonnisi
1284 3900 1324 3966 de

157 4003 320 4068 sententiis
344 4007 556 4070 consecutivis
579 4007 696 4088 valere,
729 4027 803 4070 narn
827 4007 859 4070 in
883 4007 1048 4072 sententiis
1070 4007 1217 4072 finalibus
1241 4007 1326 4073 ὥστε

156 4110 312 4190 particula
334 4111 525 4177 introductis
547 4112 736 4178 infinitivum
761 4114 860 4178 solum
890 4115 995 4179 locum
1019 4113 1137 4180 habere
1162 4121 1249 4180 certa
1272 4117 1325 4180 lex

157 4221 212 4280 est.
258 4218 430 4283 Praeterea
453 4220 771 4285 animadvertendum
801 4228 849 4285 est
878 4222 1006 4304 regulis,
1043 4241 1122 4304 quas
1153 4221 1194 4286 de
1224 4221 1325 4286 infini-

157 4322 221 4388 tivo
244 4324 360 4390 Seume
385 4326 506 4410 statuit,
536 4348 599 4392 non
624 4326 735 4392 deesse
759 4349 841 4410 quae
865 4334 1043 4413 repugnent
1067 4330 1214 4412 exempla
1238 4328 1325 4408 (vide

156 4450 186 4514 p.
209 4431 252 4495 49
276 4435 336 4515 sq.)
361 4436 393 4496 et
416 4453 499 4515 quae
523 4433 564 4499 de
588 4434 755 4500 indicativi
781 4456 837 4500 usu
861 4436 1110 4501 enuntiationum
1138 4456 1257 4521 genera
1281 4442 1325 4502 at-
