3132 5116
330 1270 380 1338 Ile
404 1271 489 1336 ὥστε
514 1271 591 1355 (ὡς)
615 1271 818 1356 particulae
841 1289 907 1338 usu
931 1271 1098 1352 egerunt:

12 1509 15 1556 p
122 1468 241 1522 Scume
259 1467 303 1534 H.‚
324 1469 361 1521 de
381 1469 535 1522 sententiis
556 1469 758 1522 consecutivis
778 1467 911 1522 Graecis,
949 1467 1116 1538 Gottingen
1137 1468 1215 1522 1883.

12 1559 14 1568 ’
122 1557 286 1611 Fellmann
304 1557 350 1624 M„
380 1557 417 1610 de
442 1559 488 1624 ὡς,
518 1559 592 1610 ὥστε
621 1557 776 1626 particulis
801 1558 1003 1611 consecutivis
1027 1572 1194 1626 earumque
1219 1558 1303 1626 apud

232 1648 364 1716 tragicos
383 1647 570 1702 Graecorum
590 1652 696 1716 poetas
715 1648 746 1699 vi
766 1651 795 1700 et
814 1662 880 1700 usu.
917 1645 1044 1700 Breslau
1065 1646 1143 1701 1883.

12 1723 13 1740 ¹
122 1735 237 1802 wilde,
258 1737 295 1790 de
315 1738 389 1790 ὥστε
408 1736 557 1806 particula
576 1737 787 1790 commentatio
808 1736 857 1799 (de
876 1752 934 1788 usu
947 1735 1165 1804 Thucydideo).
1188 1734 1302 1789 Gdrlita

233 1826 309 1879 1861.

126 1913 269 1982 Eichner,
289 1916 365 1969 iiber
385 1916 433 1968 die
452 1915 586 1968 Partikel
607 1916 689 1967 ὥστε.
727 1913 862 1968 Gleiwitz
884 1914 961 1966 1882.

127 2002 267 2057 Walther
285 2003 326 2072 0.,
346 2006 422 2058 iiber
443 2006 482 2067 ὡς
501 2005 550 2058 bei
570 2003 714 2057 Herodot.
750 2003 879 2057 Harneln
899 2003 975 2056 1887.

127 2091 263 2146 Thomas
283 2091 327 2160 G„
348 2093 385 2146 de
405 2093 572 2163 particulae
593 2094 632 2156 ὡς
650 2107 710 2146 usu
728 2092 910 2146 Herodoteo.
947 2091 1075 2160 Leipzig
1097 2092 1173 2145 1888.

130 3143 166 3198 A
203 3145 282 3198 De‘
269 3146 342 3198 ώστε
362 3146 607 3214 particulaeusu
627 3147 712 3215 cpico
733 3147 899 3214 ettragico
953 3186 958 3197 .
998 3186 1003 3196 .
1042 3185 1048 3196 .
1087 3185 1092 3196 .
1132 3185 1137 3197 .
1177 3160 1248 3212 p.
1287 3143 1300 3194 1

130 3235 164 3288 B.
202 3233 249 3287 De
268 3235 342 3288 ὥστε
361 3236 420 3298 (ὡς)
439 3235 607 3303 particulae
625 3250 684 3288 usu
698 3233 880 3301 He1·odott‚eo
900 3233 1107 3302 Thucydideo,
1127 3233 1184 3287 Xe-

204 3324 376 3393 nophonteo
421 3364 1048 3377 ...............
1069 3364 1093 3402 ¹.
1133 3364 1138 3375 .
1177 3363 1182 3374 .
1236 3363 1247 3389 „

269 3413 290 3466 Ι.
328 3413 374 3467 De
394 3415 466 3466 ὥστε
486 3414 654 3483 particulae
672 3429 732 3467 usu
751 3413 887 3467 Herodot
876 3418 924 3466 teo
955 3452 1184 3464 ......
1236 3453 1248 3478 ,,
1287 3410 1304 3462 9

254 3502 290 3556 II.
328 3502 374 3556 De
394 3504 469 3557 ὥστε
489 3503 656 3572 particulae
674 3519 734 3556 usu
753 3501 951 3571 Thucydideo
1000 3541 1184 3553 .....
1237 3500 1303 3566 „17

240 3592 290 3646 ΠΙ.
328 3593 375 3647 De
395 3594 469 3646 ὥστε
487 3593 655 3662 particulae
673 3608 733 3646 usu
751 3592 972 3661 Xenophonteo
1000 3631 1005 3642 .
1045 3631 1050 3642 .
1089 3631 1095 3642 .
1133 3629 1139 3641 .
1178 3630 1183 3641 .
1236 3588 1304 3656 „24

243 3680 291 3736 IV.
327 3682 374 3736 De
393 3683 431 3745 ὡς
451 3682 599 3751 particula
619 3698 673 3751 pro
694 3683 768 3735 ὥστε
786 3685 934 3749 usurpata
955 3719 1182 3732 ......
1236 3677 1303 3743 „38

130 3772 163 3827 C.
202 3770 247 3823 Dc
268 3773 341 3825 ὥστε
361 3772 420 3836 (ὡς)
441 3771 609 3841 particulae
627 3773 771 3844 universo
790 3786 850 3824 usu
866 3808 1182 3822 ........
1236 3765 1304 3833 „44

12 2119 16 2174 l

12 2327 14 2412 l

395 2948 611 3032 Conspectus
635 2967 756 3014 rerum
780 2948 1033 3013 tractatarum.
