<?xml version="1.0" encoding="UTF-8"?>
<!DOCTYPE html PUBLIC "-//W3C//DTD XHTML 1.0 Transitional//EN"
    "http://www.w3.org/TR/xhtml1/DTD/xhtml1-transitional.dtd">
<html xmlns="http://www.w3.org/1999/xhtml" xml:lang="en" lang="en">
 <head>
  <title>
</title>
<meta http-equiv="Content-Type" content="text/html;charset=utf-8" />
  <meta name='ocr-system' content='tesseract 3.04.00' />
  <meta name='ocr-capabilities' content='ocr_page ocr_carea ocr_par ocr_line ocrx_word'/>
</head>
<body>
  <div class='ocr_page' id='page_1' title='image "./dehsteparticula00hehmgoog_0050.png"; bbox 0 0 3132 5116; ppageno 0'>
   <div class='ocr_carea' id='block_1_1' title="bbox 648 415 828 478">
    <p class='ocr_par' dir='ltr' id='par_1_1' title="bbox 648 415 828 478">
     <span class='ocr_line' id='line_1_1' title="bbox 648 415 828 478; baseline 0 -14"><span class='ocrx_word' id='word_1_1' title='bbox 648 415 828 478; x_wconf 67' lang='grc'><strong>..41-</strong></span> 
     </span>
    </p>
   </div>
   <div class='ocr_carea' id='block_1_2' title="bbox 23 599 1328 1008">
    <p class='ocr_par' dir='ltr' id='par_1_2' title="bbox 22 590 1328 905">
     <span class='ocr_line' id='line_1_2' title="bbox 130 599 1328 691; baseline -0.003 -20.322"><span class='ocrx_word' id='word_1_2' title='bbox 130 621 208 686; x_wconf 88' lang='lat' dir='ltr'>quo</span> <span class='ocrx_word' id='word_1_3' title='bbox 237 603 269 671; x_wconf 94' lang='lat' dir='ltr'>in</span> <span class='ocrx_word' id='word_1_4' title='bbox 293 605 377 670; x_wconf 83' lang='grc' dir='ltr'>ὥστε</span> <span class='ocrx_word' id='word_1_5' title='bbox 410 602 587 691; x_wconf 80' lang='lat' dir='ltr'>particulae</span> <span class='ocrx_word' id='word_1_6' title='bbox 623 624 681 672; x_wconf 85' lang='lat' dir='ltr'>usu</span> <span class='ocrx_word' id='word_1_7' title='bbox 705 605 943 690; x_wconf 82' lang='lat' dir='ltr'>Xenophonteo</span> <span class='ocrx_word' id='word_1_8' title='bbox 974 599 1154 686; x_wconf 88' lang='lat' dir='ltr'>tractando,</span> <span class='ocrx_word' id='word_1_9' title='bbox 1188 601 1328 688; x_wconf 69' lang='lat' dir='ltr'>primum,</span> 
     </span>
     <span class='ocr_line' id='line_1_3' title="bbox 23 682 1323 797; baseline -0.002 -20.002"><span class='ocrx_word' id='word_1_10' title='bbox 23 682 27 733; x_wconf 53' lang='grc' dir='ltr'>ί</span> <span class='ocrx_word' id='word_1_11' title='bbox 131 714 278 778; x_wconf 86' lang='lat' dir='ltr'>afferam</span> <span class='ocrx_word' id='word_1_12' title='bbox 303 735 341 779; x_wconf 91' lang='lat' dir='ltr'>ea</span> <span class='ocrx_word' id='word_1_13' title='bbox 366 715 524 797; x_wconf 80' lang='lat' dir='ltr'>exempla,</span> <span class='ocrx_word' id='word_1_14' title='bbox 548 714 581 777; x_wconf 92' lang='lat' dir='ltr'>in</span> <span class='ocrx_word' id='word_1_15' title='bbox 607 714 720 796; x_wconf 85' lang='lat' dir='ltr'>quibus</span> <span class='ocrx_word' id='word_1_16' title='bbox 745 714 790 791; x_wconf 86' lang='grc' dir='ltr'>ὼς</span> <span class='ocrx_word' id='word_1_17' title='bbox 827 733 898 778; x_wconf 92' lang='lat' dir='ltr'>cum</span> <span class='ocrx_word' id='word_1_18' title='bbox 934 711 1091 776; x_wconf 87' lang='lat' dir='ltr'>infinitivo</span> <span class='ocrx_word' id='word_1_19' title='bbox 1121 711 1323 777; x_wconf 86' lang='lat' dir='ltr'>coniunctum</span> 
     </span>
     <span class='ocr_line' id='line_1_4' title="bbox 132 819 1085 905; baseline 0.002 -23"><span class='ocrx_word' id='word_1_20' title='bbox 132 821 304 886; x_wconf 85' lang='lat' dir='ltr'>invenitur</span> <span class='ocrx_word' id='word_1_21' title='bbox 326 827 400 905; x_wconf 87' lang='lat' dir='ltr'>post</span> <span class='ocrx_word' id='word_1_22' title='bbox 424 822 608 903; x_wconf 83' lang='lat' dir='ltr'>sententias,</span> <span class='ocrx_word' id='word_1_23' title='bbox 635 841 716 902; x_wconf 90' lang='lat' dir='ltr'>quae</span> <span class='ocrx_word' id='word_1_24' title='bbox 739 841 802 884; x_wconf 94' lang='lat' dir='ltr'>non</span> <span class='ocrx_word' id='word_1_25' title='bbox 826 827 899 884; x_wconf 89' lang='lat' dir='ltr'>sunt</span> <span class='ocrx_word' id='word_1_26' title='bbox 923 819 972 884; x_wconf 88' lang='lat' dir='ltr'>sui</span> <span class='ocrx_word' id='word_1_27' title='bbox 996 819 1085 884; x_wconf 87' lang='lat' dir='ltr'>iuris:</span> 
     </span>
    </p>

    <p class='ocr_par' dir='ltr' id='par_1_3' title="bbox 253 922 1322 1008">
     <span class='ocr_line' id='line_1_5' title="bbox 253 922 1322 1008; baseline -0.003 -17"><span class='ocrx_word' id='word_1_28' title='bbox 253 930 285 1008; x_wconf 78' lang='lat' dir='ltr'>a)</span> <span class='ocrx_word' id='word_1_29' title='bbox 309 928 467 992; x_wconf 86' lang='lat' dir='ltr'>sententia</span> <span class='ocrx_word' id='word_1_30' title='bbox 503 927 698 992; x_wconf 80' lang='lat' dir='ltr'>antecedens</span> <span class='ocrx_word' id='word_1_31' title='bbox 728 933 776 992; x_wconf 86' lang='lat' dir='ltr'>est</span> <span class='ocrx_word' id='word_1_32' title='bbox 801 925 1046 991; x_wconf 84' lang='lat' dir='ltr'>condicionalis:</span> <span class='ocrx_word' id='word_1_33' title='bbox 1084 927 1133 989; x_wconf 83' lang='grc' dir='ltr'>καὶ</span> <span class='ocrx_word' id='word_1_34' title='bbox 1158 925 1268 1003; x_wconf 84' lang='grc' dir='ltr'>αἰδοῦς</span> <span class='ocrx_word' id='word_1_35' title='bbox 1294 922 1322 988; x_wconf 84' lang='grc' dir='ltr'>δ’</span> 
     </span>
    </p>
   </div>
   <div class='ocr_carea' id='block_1_3' title="bbox 16 1032 1324 1220">
    <p class='ocr_par' dir='ltr' id='par_1_4' title="bbox 16 1032 1324 1220">
     <span class='ocr_line' id='line_1_6' title="bbox 135 1032 1322 1114; baseline -0.002 -16.271"><span class='ocrx_word' id='word_1_36' title='bbox 135 1034 187 1099; x_wconf 85' lang='grc' dir='ltr'>ἂν</span> <span class='ocrx_word' id='word_1_37' title='bbox 220 1035 329 1114; x_wconf 86' lang='grc' dir='ltr'>ἡγεῖτο</span> <span class='ocrx_word' id='word_1_38' title='bbox 365 1038 488 1113; x_wconf 87' lang='grc' dir='ltr'>μᾶλλον</span> <span class='ocrx_word' id='word_1_39' title='bbox 520 1034 644 1112; x_wconf 84' lang='grc' dir='ltr'>πάντας</span> <span class='ocrx_word' id='word_1_40' title='bbox 673 1034 897 1112; x_wconf 83' lang='grc' dir='ltr'>ἐμπιμπλάναι,</span> <span class='ocrx_word' id='word_1_41' title='bbox 929 1033 955 1097; x_wconf 91' lang='grc' dir='ltr'>εἰ</span> <span class='ocrx_word' id='word_1_42' title='bbox 984 1033 1081 1110; x_wconf 86' lang='grc' dir='ltr'>αὐτὸς</span> <span class='ocrx_word' id='word_1_43' title='bbox 1106 1034 1250 1111; x_wconf 90' lang='grc' dir='ltr'>φανερὸς</span> <span class='ocrx_word' id='word_1_44' title='bbox 1276 1032 1322 1110; x_wconf 87' lang='grc' dir='ltr'>εἴη</span> 
     </span>
     <span class='ocr_line' id='line_1_7' title="bbox 16 1139 1324 1220; baseline -0.002 -15"><span class='ocrx_word' id='word_1_45' title='bbox 16 1203 17 1212; x_wconf 71' lang='grc'>,</span> <span class='ocrx_word' id='word_1_46' title='bbox 137 1142 270 1219; x_wconf 87' lang='grc' dir='ltr'>πάντας</span> <span class='ocrx_word' id='word_1_47' title='bbox 295 1141 402 1219; x_wconf 86' lang='grc' dir='ltr'>οὕτως</span> <span class='ocrx_word' id='word_1_48' title='bbox 427 1142 618 1220; x_wconf 89' lang='grc' dir='ltr'>αἰδούμενος</span> <span class='ocrx_word' id='word_1_49' title='bbox 643 1142 689 1219; x_wconf 82' lang='grc' dir='ltr'>ὡς</span> <span class='ocrx_word' id='word_1_50' title='bbox 707 1139 776 1220; x_wconf 86' lang='grc' dir='ltr'>μήτ’</span> <span class='ocrx_word' id='word_1_51' title='bbox 802 1142 902 1204; x_wconf 86' lang='grc' dir='ltr'>εἰπεῖν</span> <span class='ocrx_word' id='word_1_52' title='bbox 928 1141 968 1204; x_wconf 85' lang='grc' dir='ltr'>ἂν</span> <span class='ocrx_word' id='word_1_53' title='bbox 985 1141 1060 1218; x_wconf 88' lang='grc' dir='ltr'>μήτε</span> <span class='ocrx_word' id='word_1_54' title='bbox 1077 1145 1209 1218; x_wconf 89' lang='grc' dir='ltr'>ποιῆσαι</span> <span class='ocrx_word' id='word_1_55' title='bbox 1226 1142 1324 1218; x_wconf 72' lang='grc' dir='ltr'>μηδἐν</span> 
     </span>
    </p>
   </div>
   <div class='ocr_carea' id='block_1_4' title="bbox 140 1247 1408 2615">
    <p class='ocr_par' dir='ltr' id='par_1_5' title="bbox 140 1247 1325 1650">
     <span class='ocr_line' id='line_1_8' title="bbox 140 1247 1325 1332; baseline -0.002 -21"><span class='ocrx_word' id='word_1_56' title='bbox 140 1250 282 1327; x_wconf 86' lang='grc' dir='ltr'>αἰσχρόν</span> <span class='ocrx_word' id='word_1_57' title='bbox 307 1249 381 1332; x_wconf 82' lang='lat' dir='ltr'>Cyn.</span> <span class='ocrx_word' id='word_1_58' title='bbox 399 1249 479 1312; x_wconf 88' lang='lat' dir='ltr'>VIII</span> <span class='ocrx_word' id='word_1_59' title='bbox 499 1251 527 1331; x_wconf 83' lang='lat'>1,</span> <span class='ocrx_word' id='word_1_60' title='bbox 545 1249 598 1313; x_wconf 76' lang='grc'>27.</span> <span class='ocrx_word' id='word_1_61' title='bbox 631 1249 729 1332; x_wconf 82' lang='grc' dir='ltr'>Ηίρρ.</span> <span class='ocrx_word' id='word_1_62' title='bbox 755 1249 834 1330; x_wconf 93' lang='grc'>6,1.</span> <span class='ocrx_word' id='word_1_63' title='bbox 871 1249 962 1311; x_wconf 81' lang='lat' dir='ltr'>Vect.</span> <span class='ocrx_word' id='word_1_64' title='bbox 987 1248 1017 1328; x_wconf 83' lang='grc'>3,</span> <span class='ocrx_word' id='word_1_65' title='bbox 1035 1247 1065 1310; x_wconf 85' lang='grc'>3.</span> <span class='ocrx_word' id='word_1_66' title='bbox 1097 1247 1123 1310; x_wconf 89' lang='grc' dir='ltr'>εἰ</span> <span class='ocrx_word' id='word_1_67' title='bbox 1147 1247 1203 1324; x_wconf 81' lang='grc' dir='ltr'>μὲν</span> <span class='ocrx_word' id='word_1_68' title='bbox 1227 1251 1325 1310; x_wconf 90' lang='grc' dir='ltr'>πλοῖα</span> 
     </span>
     <span class='ocr_line' id='line_1_9' title="bbox 142 1354 1325 1438; baseline -0.003 -19"><span class='ocrx_word' id='word_1_69' title='bbox 142 1355 278 1419; x_wconf 79' lang='grc' dir='ltr'>ἔσεσθαι</span> <span class='ocrx_word' id='word_1_70' title='bbox 303 1357 408 1434; x_wconf 85' lang='grc' dir='ltr'>μέλλει</span> <span class='ocrx_word' id='word_1_71' title='bbox 431 1356 525 1419; x_wconf 82' lang='grc' dir='ltr'>ἱκανά</span> <span class='ocrx_word' id='word_1_72' title='bbox 549 1356 594 1432; x_wconf 86' lang='grc' dir='ltr'>ὼς</span> <span class='ocrx_word' id='word_1_73' title='bbox 619 1354 741 1438; x_wconf 80' lang='grc' dir='ltr'>ἀριθμῷ</span> <span class='ocrx_word' id='word_1_74' title='bbox 771 1355 828 1418; x_wconf 82' lang='grc' dir='ltr'>ἕνα</span> <span class='ocrx_word' id='word_1_75' title='bbox 858 1357 897 1433; x_wconf 87' lang='grc' dir='ltr'>μὴ</span> <span class='ocrx_word' id='word_1_76' title='bbox 928 1355 1173 1417; x_wconf 86' lang='grc' dir='ltr'>καταλείπεσθαι</span> <span class='ocrx_word' id='word_1_77' title='bbox 1203 1354 1325 1428; x_wconf 89' lang='grc' dir='ltr'>ἐνθάδε,</span> 
     </span>
     <span class='ocr_line' id='line_1_10' title="bbox 143 1461 1324 1546; baseline -0.002 -20"><span class='ocrx_word' id='word_1_78' title='bbox 143 1463 236 1540; x_wconf 85' lang='grc' dir='ltr'>ἡμεῖς</span> <span class='ocrx_word' id='word_1_79' title='bbox 261 1463 301 1526; x_wconf 87' lang='grc' dir='ltr'>ἂν</span> <span class='ocrx_word' id='word_1_80' title='bbox 325 1463 477 1540; x_wconf 87' lang='grc' dir='ltr'>πλέοιμεν</span> <span class='ocrx_word' id='word_1_81' title='bbox 513 1463 617 1527; x_wconf 83' lang='lat' dir='ltr'>Anah.</span> <span class='ocrx_word' id='word_1_82' title='bbox 643 1462 670 1526; x_wconf 91' lang='lat' dir='ltr'>V</span> <span class='ocrx_word' id='word_1_83' title='bbox 695 1463 796 1544; x_wconf 91' lang='grc'>6,12.</span> <span class='ocrx_word' id='word_1_84' title='bbox 840 1462 937 1546; x_wconf 85' lang='grc' dir='ltr'>Ηίρρ.</span> <span class='ocrx_word' id='word_1_85' title='bbox 962 1461 1041 1543; x_wconf 93' lang='grc'>6,1.</span> <span class='ocrx_word' id='word_1_86' title='bbox 1088 1461 1127 1538; x_wconf 90' lang='grc' dir='ltr'>ἤν</span> <span class='ocrx_word' id='word_1_87' title='bbox 1150 1482 1198 1538; x_wconf 89' lang='grc' dir='ltr'>τις</span> <span class='ocrx_word' id='word_1_88' title='bbox 1222 1462 1324 1544; x_wconf 86' lang='grc' dir='ltr'>τρέφῃ</span> 
     </span>
     <span class='ocr_line' id='line_1_11' title="bbox 146 1568 1033 1650; baseline -0.001 -19"><span class='ocrx_word' id='word_1_89' title='bbox 146 1569 192 1646; x_wconf 83' lang='grc' dir='ltr'>ὡς</span> <span class='ocrx_word' id='word_1_90' title='bbox 216 1570 339 1646; x_wconf 87' lang='grc' dir='ltr'>πόνους</span> <span class='ocrx_word' id='word_1_91' title='bbox 366 1568 523 1632; x_wconf 90' lang='grc' dir='ltr'>δύνασθαι</span> <span class='ocrx_word' id='word_1_92' title='bbox 548 1569 724 1647; x_wconf 86' lang='grc' dir='ltr'>ὑποφέρειν</span> <span class='ocrx_word' id='word_1_93' title='bbox 748 1569 787 1632; x_wconf 87' lang='lat' dir='ltr'>R.</span> <span class='ocrx_word' id='word_1_94' title='bbox 813 1588 884 1650; x_wconf 91' lang='lat' dir='ltr'>equ.</span> <span class='ocrx_word' id='word_1_95' title='bbox 912 1569 1033 1649; x_wconf 87' lang='grc'><strong>11,13.</strong></span> 
     </span>
    </p>

    <p class='ocr_par' dir='ltr' id='par_1_6' title="bbox 150 1674 1408 2615">
     <span class='ocr_line' id='line_1_12' title="bbox 261 1674 1327 1758; baseline -0.006 -19"><span class='ocrx_word' id='word_1_96' title='bbox 261 1676 295 1757; x_wconf 87' lang='lat' dir='ltr'>b)</span> <span class='ocrx_word' id='word_1_97' title='bbox 321 1677 479 1740; x_wconf 87' lang='lat' dir='ltr'>sententia</span> <span class='ocrx_word' id='word_1_98' title='bbox 503 1675 697 1740; x_wconf 81' lang='lat' dir='ltr'>antecedens</span> <span class='ocrx_word' id='word_1_99' title='bbox 721 1675 839 1758; x_wconf 81' lang='lat' dir='ltr'>pendet</span> <span class='ocrx_word' id='word_1_100' title='bbox 888 1678 916 1738; x_wconf 92' lang='lat'>1.</span> <span class='ocrx_word' id='word_1_101' title='bbox 947 1676 978 1738; x_wconf 89' lang='lat' dir='ltr'>in</span> <span class='ocrx_word' id='word_1_102' title='bbox 1002 1674 1156 1739; x_wconf 83' lang='lat' dir='ltr'>infinitivo</span> <span class='ocrx_word' id='word_1_103' title='bbox 1180 1676 1285 1758; x_wconf 87' lang='lat' dir='ltr'>posita</span> <span class='ocrx_word' id='word_1_104' title='bbox 1308 1696 1327 1739; x_wconf 90' lang='lat' dir='ltr'>a</span> 
     </span>
     <span class='ocr_line' id='line_1_13' title="bbox 152 1781 1325 1859; baseline 0 -14"><span class='ocrx_word' id='word_1_105' title='bbox 152 1783 254 1847; x_wconf 90' lang='lat' dir='ltr'>verbis</span> <span class='ocrx_word' id='word_1_106' title='bbox 290 1782 476 1846; x_wconf 89' lang='lat' dir='ltr'>declarandi</span> <span class='ocrx_word' id='word_1_107' title='bbox 512 1788 544 1846; x_wconf 90' lang='lat' dir='ltr'>et</span> <span class='ocrx_word' id='word_1_108' title='bbox 579 1781 799 1846; x_wconf 87' lang='lat' dir='ltr'>existimandi:</span> <span class='ocrx_word' id='word_1_109' title='bbox 836 1782 874 1845; x_wconf 90' lang='grc' dir='ltr'>τά</span> <span class='ocrx_word' id='word_1_110' title='bbox 904 1782 1002 1845; x_wconf 90' lang='grc' dir='ltr'>πιστά</span> <span class='ocrx_word' id='word_1_111' title='bbox 1038 1782 1171 1845; x_wconf 90' lang='grc' dir='ltr'>δίδωσιν</span> <span class='ocrx_word' id='word_1_112' title='bbox 1206 1782 1325 1859; x_wconf 86' lang='grc' dir='ltr'>αὐτοῖς,</span> 
     </span>
     <span class='ocr_line' id='line_1_14' title="bbox 152 1889 1325 1968; baseline 0 -16"><span class='ocrx_word' id='word_1_113' title='bbox 152 1890 206 1952; x_wconf 90' lang='grc' dir='ltr'>ἐὰν</span> <span class='ocrx_word' id='word_1_114' title='bbox 231 1890 466 1967; x_wconf 82' lang='grc' dir='ltr'>ἐμπεδώσωσιν</span> <span class='ocrx_word' id='word_1_115' title='bbox 490 1889 510 1953; x_wconf 84' lang='grc' dir='ltr'>ἃ</span> <span class='ocrx_word' id='word_1_116' title='bbox 535 1891 693 1966; x_wconf 90' lang='grc' dir='ltr'>λέγουσιν,</span> <span class='ocrx_word' id='word_1_117' title='bbox 718 1889 762 1966; x_wconf 83' lang='grc' dir='ltr'>ὡς</span> <span class='ocrx_word' id='word_1_118' title='bbox 787 1891 894 1968; x_wconf 91' lang='grc' dir='ltr'>φίλοις</span> <span class='ocrx_word' id='word_1_119' title='bbox 920 1890 970 1951; x_wconf 89' lang='grc' dir='ltr'>καὶ</span> <span class='ocrx_word' id='word_1_120' title='bbox 998 1893 1126 1965; x_wconf 85' lang='grc' dir='ltr'>πιστοῖς</span> <span class='ocrx_word' id='word_1_121' title='bbox 1150 1890 1325 1967; x_wconf 86' lang='grc' dir='ltr'>χρήσεσθαι</span> 
     </span>
     <span class='ocr_line' id='line_1_15' title="bbox 151 1993 1325 2080; baseline 0.001 -22"><span class='ocrx_word' id='word_1_122' title='bbox 151 1997 271 2074; x_wconf 83' lang='grc' dir='ltr'>αὐτοῖς,</span> <span class='ocrx_word' id='word_1_123' title='bbox 297 1996 342 2073; x_wconf 84' lang='grc' dir='ltr'>ὡς</span> <span class='ocrx_word' id='word_1_124' title='bbox 368 1998 444 2074; x_wconf 91' lang='grc' dir='ltr'>μήτε</span> <span class='ocrx_word' id='word_1_125' title='bbox 466 1997 607 2075; x_wconf 84' lang='grc' dir='ltr'>Περσῶν</span> <span class='ocrx_word' id='word_1_126' title='bbox 637 1998 714 2075; x_wconf 88' lang='grc' dir='ltr'>μήτε</span> <span class='ocrx_word' id='word_1_127' title='bbox 739 1997 861 2075; x_wconf 87' lang='grc' dir='ltr'>Μήδων</span> <span class='ocrx_word' id='word_1_128' title='bbox 894 1999 983 2074; x_wconf 88' lang='grc' dir='ltr'>μεῖον</span> <span class='ocrx_word' id='word_1_129' title='bbox 1008 1995 1091 2073; x_wconf 86' lang='grc' dir='ltr'>ἐχειν</span> <span class='ocrx_word' id='word_1_130' title='bbox 1115 1993 1189 2074; x_wconf 82' lang='grc' dir='ltr'>παρ’</span> <span class='ocrx_word' id='word_1_131' title='bbox 1214 1996 1325 2080; x_wconf 81' lang='grc' dir='ltr'>ἑαυτῷ.</span> 
     </span>
     <span class='ocr_line' id='line_1_16' title="bbox 156 2101 1326 2186; baseline 0 -20"><span class='ocrx_word' id='word_1_132' title='bbox 156 2102 228 2186; x_wconf 81' lang='lat' dir='ltr'>Oyr.</span> <span class='ocrx_word' id='word_1_133' title='bbox 253 2103 299 2166; x_wconf 91' lang='lat' dir='ltr'>IV</span> <span class='ocrx_word' id='word_1_134' title='bbox 323 2104 354 2184; x_wconf 97' lang='grc'>2,</span> <span class='ocrx_word' id='word_1_135' title='bbox 373 2104 403 2166; x_wconf 90' lang='grc'>8.</span> <span class='ocrx_word' id='word_1_136' title='bbox 450 2104 489 2165; x_wconf 91' lang='grc' dir='ltr'>τὰ</span> <span class='ocrx_word' id='word_1_137' title='bbox 514 2105 548 2165; x_wconf 88' lang='grc' dir='ltr'>δέ</span> <span class='ocrx_word' id='word_1_138' title='bbox 572 2104 698 2181; x_wconf 88' lang='grc' dir='ltr'>κείμενα</span> <span class='ocrx_word' id='word_1_139' title='bbox 722 2104 766 2180; x_wconf 83' lang='grc' dir='ltr'>ὡς</span> <span class='ocrx_word' id='word_1_140' title='bbox 792 2105 831 2181; x_wconf 87' lang='grc' dir='ltr'>μὴ</span> <span class='ocrx_word' id='word_1_141' title='bbox 862 2103 956 2185; x_wconf 83' lang='grc' dir='ltr'>ῥᾴδια</span> <span class='ocrx_word' id='word_1_142' title='bbox 980 2101 1059 2165; x_wconf 76' lang='grc' dir='ltr'>εἶναι</span> <span class='ocrx_word' id='word_1_143' title='bbox 1085 2103 1163 2165; x_wconf 89' lang='grc' dir='ltr'>ἰδεῖν</span> <span class='ocrx_word' id='word_1_144' title='bbox 1188 2107 1326 2181; x_wconf 87' lang='grc' dir='ltr'>διηγεῖτο</span> 
     </span>
     <span class='ocr_line' id='line_1_17' title="bbox 150 2209 1325 2293; baseline 0 -21"><span class='ocrx_word' id='word_1_145' title='bbox 150 2209 345 2291; x_wconf 81' lang='lat' dir='ltr'>(thesauros,</span> <span class='ocrx_word' id='word_1_146' title='bbox 389 2230 466 2291; x_wconf 82' lang='lat' dir='ltr'>quos</span> <span class='ocrx_word' id='word_1_147' title='bbox 507 2231 570 2273; x_wconf 93' lang='lat' dir='ltr'>non</span> <span class='ocrx_word' id='word_1_148' title='bbox 610 2210 705 2274; x_wconf 86' lang='lat' dir='ltr'>facile</span> <span class='ocrx_word' id='word_1_149' title='bbox 742 2217 825 2275; x_wconf 89' lang='lat' dir='ltr'>esset</span> <span class='ocrx_word' id='word_1_150' title='bbox 859 2211 1067 2293; x_wconf 81' lang='lat' dir='ltr'>perlustrare,</span> <span class='ocrx_word' id='word_1_151' title='bbox 1108 2211 1325 2290; x_wconf 85' lang='lat' dir='ltr'>enumerabat)</span> 
     </span>
     <span class='ocr_line' id='line_1_18' title="bbox 150 2315 1323 2399; baseline -0.001 -19"><span class='ocrx_word' id='word_1_152' title='bbox 150 2315 222 2399; x_wconf 82' lang='lat' dir='ltr'>Oyr.</span> <span class='ocrx_word' id='word_1_153' title='bbox 248 2316 330 2379; x_wconf 90' lang='lat' dir='ltr'>VIII</span> <span class='ocrx_word' id='word_1_154' title='bbox 353 2317 384 2398; x_wconf 98' lang='grc'>4,</span> <span class='ocrx_word' id='word_1_155' title='bbox 402 2317 455 2380; x_wconf 82' lang='lat'>35.</span> <span class='ocrx_word' id='word_1_156' title='bbox 502 2319 542 2395; x_wconf 85' lang='grc' dir='ltr'>ἢν</span> <span class='ocrx_word' id='word_1_157' title='bbox 567 2319 601 2380; x_wconf 88' lang='grc' dir='ltr'>δέ</span> <span class='ocrx_word' id='word_1_158' title='bbox 626 2319 809 2393; x_wconf 79' lang='grc' dir='ltr'>ἐξαπατᾶτε,</span> <span class='ocrx_word' id='word_1_159' title='bbox 845 2317 931 2380; x_wconf 84' lang='grc' dir='ltr'>οὕτω</span> <span class='ocrx_word' id='word_1_160' title='bbox 956 2317 1124 2394; x_wconf 85' lang='grc' dir='ltr'>νομίζομεν</span> <span class='ocrx_word' id='word_1_161' title='bbox 1148 2317 1241 2399; x_wconf 86' lang='grc' dir='ltr'>ἔχειν,</span> <span class='ocrx_word' id='word_1_162' title='bbox 1279 2318 1323 2394; x_wconf 85' lang='grc' dir='ltr'>ὡς</span> 
     </span>
     <span class='ocr_line' id='line_1_19' title="bbox 150 2405 1408 2502; baseline 0.001 -16"><span class='ocrx_word' id='word_1_163' title='bbox 150 2423 208 2501; x_wconf 88' lang='grc' dir='ltr'>οὐχ</span> <span class='ocrx_word' id='word_1_164' title='bbox 231 2424 313 2501; x_wconf 87' lang='grc' dir='ltr'>ἡμᾶς</span> <span class='ocrx_word' id='word_1_165' title='bbox 339 2421 390 2502; x_wconf 85' lang='grc' dir='ltr'>ἐφ’</span> <span class='ocrx_word' id='word_1_166' title='bbox 416 2425 490 2501; x_wconf 84' lang='grc' dir='ltr'>ὑμῖν</span> <span class='ocrx_word' id='word_1_167' title='bbox 514 2424 654 2500; x_wconf 83' lang='grc' dir='ltr'>ἔσεσθαι,</span> <span class='ocrx_word' id='word_1_168' title='bbox 690 2423 772 2487; x_wconf 84' lang='grc' dir='ltr'>ἀλλὰ</span> <span class='ocrx_word' id='word_1_169' title='bbox 808 2427 931 2502; x_wconf 87' lang='grc' dir='ltr'>μᾶλλον</span> <span class='ocrx_word' id='word_1_170' title='bbox 955 2424 1036 2500; x_wconf 85' lang='grc' dir='ltr'>ὑμᾶς</span> <span class='ocrx_word' id='word_1_171' title='bbox 1062 2420 1113 2501; x_wconf 87' lang='grc' dir='ltr'>ἐφ’</span> <span class='ocrx_word' id='word_1_172' title='bbox 1140 2424 1214 2501; x_wconf 87' lang='grc' dir='ltr'>ἡμῖν</span> <span class='ocrx_word' id='word_1_173' title='bbox 1238 2425 1324 2500; x_wconf 86' lang='grc' dir='ltr'>γενέ·</span> <span class='ocrx_word' id='word_1_174' title='bbox 1405 2405 1408 2411; x_wconf 15' lang='grc' dir='ltr'><strong>Δ</strong></span> 
     </span>
     <span class='ocr_line' id='line_1_20' title="bbox 150 2529 1322 2615; baseline 0.001 -22"><span class='ocrx_word' id='word_1_175' title='bbox 150 2537 223 2594; x_wconf 86' lang='grc' dir='ltr'>σθαι</span> <span class='ocrx_word' id='word_1_176' title='bbox 248 2531 322 2615; x_wconf 82' lang='lat' dir='ltr'>Oyr.</span> <span class='ocrx_word' id='word_1_177' title='bbox 347 2531 393 2595; x_wconf 93' lang='lat' dir='ltr'>IV</span> <span class='ocrx_word' id='word_1_178' title='bbox 416 2533 508 2614; x_wconf 85' lang='grc'>2,13</span> <span class='ocrx_word' id='word_1_179' title='bbox 533 2532 619 2612; x_wconf 78' lang='lat' dir='ltr'>(bis).</span> <span class='ocrx_word' id='word_1_180' title='bbox 649 2532 730 2594; x_wconf 79' lang='lat' dir='ltr'>VIII</span> <span class='ocrx_word' id='word_1_181' title='bbox 752 2532 831 2614; x_wconf 66' lang='lat'>571.</span> <span class='ocrx_word' id='word_1_182' title='bbox 879 2533 910 2594; x_wconf 92' lang='grc'>2.</span> <span class='ocrx_word' id='word_1_183' title='bbox 942 2530 983 2594; x_wconf 92' lang='lat' dir='ltr'>ab</span> <span class='ocrx_word' id='word_1_184' title='bbox 1008 2530 1056 2594; x_wconf 89' lang='grc' dir='ltr'>ὅτι</span> <span class='ocrx_word' id='word_1_185' title='bbox 1086 2529 1322 2595; x_wconf 86' lang='lat' dir='ltr'>coniunctione:</span> 
     </span>
    </p>
   </div>
   <div class='ocr_carea' id='block_1_5' title="bbox 149 2637 1325 3364">
    <p class='ocr_par' dir='ltr' id='par_1_7' title="bbox 149 2637 1325 2935">
     <span class='ocr_line' id='line_1_21' title="bbox 149 2637 1324 2721; baseline 0 -21"><span class='ocrx_word' id='word_1_186' title='bbox 149 2638 281 2716; x_wconf 86' lang='grc' dir='ltr'>Πέρσας</span> <span class='ocrx_word' id='word_1_187' title='bbox 317 2637 440 2716; x_wconf 90' lang='grc' dir='ltr'>πάντας</span> <span class='ocrx_word' id='word_1_188' title='bbox 471 2643 682 2716; x_wconf 88' lang='grc' dir='ltr'>παρακαλεῖτε</span> <span class='ocrx_word' id='word_1_189' title='bbox 713 2639 1022 2716; x_wconf 85' lang='grc' dir='ltr'>συνησθησομένους</span> <span class='ocrx_word' id='word_1_190' title='bbox 1051 2638 1119 2714; x_wconf 84' lang='grc' dir='ltr'>ἐμοὶ</span> <span class='ocrx_word' id='word_1_191' title='bbox 1149 2637 1197 2701; x_wconf 87' lang='grc' dir='ltr'>ὅτι</span> <span class='ocrx_word' id='word_1_192' title='bbox 1221 2638 1255 2700; x_wconf 90' lang='grc' dir='ltr'>ἐν</span> <span class='ocrx_word' id='word_1_193' title='bbox 1279 2644 1324 2721; x_wconf 82' lang='grc' dir='ltr'>τῷ</span> 
     </span>
     <span class='ocr_line' id='line_1_22' title="bbox 150 2743 1325 2828; baseline -0.001 -21"><span class='ocrx_word' id='word_1_194' title='bbox 150 2743 290 2824; x_wconf 87' lang='grc' dir='ltr'>ἀσφαλεῖ</span> <span class='ocrx_word' id='word_1_195' title='bbox 314 2746 373 2823; x_wconf 89' lang='grc' dir='ltr'>ἤδη</span> <span class='ocrx_word' id='word_1_196' title='bbox 398 2745 520 2823; x_wconf 83' lang='grc' dir='ltr'>ἔσομαι,</span> <span class='ocrx_word' id='word_1_197' title='bbox 545 2746 590 2823; x_wconf 88' lang='grc' dir='ltr'>ὼς</span> <span class='ocrx_word' id='word_1_198' title='bbox 615 2748 713 2823; x_wconf 82' lang='grc' dir='ltr'>μηδὲν</span> <span class='ocrx_word' id='word_1_199' title='bbox 738 2746 778 2809; x_wconf 84' lang='grc' dir='ltr'>άν</span> <span class='ocrx_word' id='word_1_200' title='bbox 802 2746 847 2809; x_wconf 90' lang='grc' dir='ltr'>ἐτι</span> <span class='ocrx_word' id='word_1_201' title='bbox 871 2747 969 2808; x_wconf 87' lang='grc' dir='ltr'>κακὸν</span> <span class='ocrx_word' id='word_1_202' title='bbox 994 2749 1108 2807; x_wconf 90' lang='grc' dir='ltr'>παθεῖν</span> <span class='ocrx_word' id='word_1_203' title='bbox 1144 2745 1218 2828; x_wconf 80' lang='lat' dir='ltr'>Cyn.</span> <span class='ocrx_word' id='word_1_204' title='bbox 1245 2745 1325 2808; x_wconf 90' lang='lat' dir='ltr'>VIII</span> 
     </span>
     <span class='ocr_line' id='line_1_23' title="bbox 154 2851 737 2935; baseline 0.003 -21"><span class='ocrx_word' id='word_1_205' title='bbox 154 2851 182 2932; x_wconf 76' lang='grc' dir='ltr'>ί,</span> <span class='ocrx_word' id='word_1_206' title='bbox 199 2853 252 2916; x_wconf 76' lang='grc'>27.</span> <span class='ocrx_word' id='word_1_207' title='bbox 271 2855 321 2931; x_wconf 88' lang='grc' dir='ltr'>-(ν.</span> <span class='ocrx_word' id='word_1_208' title='bbox 341 2873 372 2934; x_wconf 93' lang='lat' dir='ltr'>p.</span> <span class='ocrx_word' id='word_1_209' title='bbox 390 2852 432 2916; x_wconf 82' lang='lat'>58</span> <span class='ocrx_word' id='word_1_210' title='bbox 450 2855 511 2934; x_wconf 74' lang='lat' dir='ltr'>sq.)</span> <span class='ocrx_word' id='word_1_211' title='bbox 536 2853 633 2935; x_wconf 80' lang='lat' dir='ltr'>Ages.</span> <span class='ocrx_word' id='word_1_212' title='bbox 658 2855 689 2935; x_wconf 94' lang='grc'>2,</span> <span class='ocrx_word' id='word_1_213' title='bbox 708 2853 737 2916; x_wconf 78' lang='grc' dir='ltr'>ί.</span> 
     </span>
    </p>

    <p class='ocr_par' dir='ltr' id='par_1_8' title="bbox 150 2958 1325 3364">
     <span class='ocr_line' id='line_1_24' title="bbox 256 2958 1323 3042; baseline 0.001 -21"><span class='ocrx_word' id='word_1_214' title='bbox 256 2961 286 3038; x_wconf 88' lang='lat' dir='ltr'>c)</span> <span class='ocrx_word' id='word_1_215' title='bbox 310 2959 468 3022; x_wconf 86' lang='lat' dir='ltr'>sententia</span> <span class='ocrx_word' id='word_1_216' title='bbox 484 2959 677 3024; x_wconf 86' lang='lat' dir='ltr'>antecedens</span> <span class='ocrx_word' id='word_1_217' title='bbox 694 2967 742 3024; x_wconf 87' lang='lat' dir='ltr'>est</span> <span class='ocrx_word' id='word_1_218' title='bbox 758 2959 989 3042; x_wconf 81' lang='lat' dir='ltr'>interrogativa</span> <span class='ocrx_word' id='word_1_219' title='bbox 1010 2958 1152 3042; x_wconf 89' lang='lat' dir='ltr'>pendens</span> <span class='ocrx_word' id='word_1_220' title='bbox 1169 2979 1208 3021; x_wconf 84' lang='lat' dir='ltr'>cx</span> <span class='ocrx_word' id='word_1_221' title='bbox 1225 2958 1323 3022; x_wconf 89' lang='lat' dir='ltr'>verbo</span> 
     </span>
     <span class='ocr_line' id='line_1_25' title="bbox 151 3064 1325 3150; baseline 0 -23"><span class='ocrx_word' id='word_1_222' title='bbox 151 3064 383 3150; x_wconf 76' lang='lat' dir='ltr'>interrogandi:</span> <span class='ocrx_word' id='word_1_223' title='bbox 408 3065 498 3142; x_wconf 89' lang='grc' dir='ltr'>ὅπως</span> <span class='ocrx_word' id='word_1_224' title='bbox 516 3066 657 3143; x_wconf 88' lang='grc' dir='ltr'>ἐπιμελεῖ</span> <span class='ocrx_word' id='word_1_225' title='bbox 673 3071 731 3129; x_wconf 84' lang='grc' dir='ltr'>τοῦ</span> <span class='ocrx_word' id='word_1_226' title='bbox 749 3067 939 3144; x_wconf 86' lang='grc' dir='ltr'>περιουσίαν</span> <span class='ocrx_word' id='word_1_227' title='bbox 956 3071 1061 3130; x_wconf 85' lang='grc' dir='ltr'>ποιεῖν</span> <span class='ocrx_word' id='word_1_228' title='bbox 1078 3066 1123 3142; x_wconf 89' lang='grc' dir='ltr'>ὼς</span> <span class='ocrx_word' id='word_1_229' title='bbox 1141 3067 1191 3128; x_wconf 87' lang='grc' dir='ltr'>καὶ</span> <span class='ocrx_word' id='word_1_230' title='bbox 1208 3066 1325 3143; x_wconf 89' lang='grc' dir='ltr'>φίλους</span> 
     </span>
     <span class='ocr_line' id='line_1_26' title="bbox 150 3171 1325 3251; baseline 0.003 -19"><span class='ocrx_word' id='word_1_231' title='bbox 150 3171 333 3250; x_wconf 81' lang='grc' dir='ltr'>ἐπωφελεῖν</span> <span class='ocrx_word' id='word_1_232' title='bbox 358 3174 408 3235; x_wconf 86' lang='grc' dir='ltr'>καὶ</span> <span class='ocrx_word' id='word_1_233' title='bbox 432 3173 527 3236; x_wconf 91' lang='grc' dir='ltr'>πόλιν</span> <span class='ocrx_word' id='word_1_234' title='bbox 552 3173 725 3251; x_wconf 89' lang='grc' dir='ltr'>ἐπισχύειν,</span> <span class='ocrx_word' id='word_1_235' title='bbox 749 3177 849 3236; x_wconf 88' lang='grc' dir='ltr'>ταῖιτα</span> <span class='ocrx_word' id='word_1_236' title='bbox 874 3174 913 3236; x_wconf 83' lang='grc' dir='ltr'>ἂν</span> <span class='ocrx_word' id='word_1_237' title='bbox 937 3173 1041 3251; x_wconf 87' lang='grc' dir='ltr'>ἡδέως</span> <span class='ocrx_word' id='word_1_238' title='bbox 1058 3174 1218 3250; x_wconf 88' lang='grc' dir='ltr'>πυθοίμην</span> <span class='ocrx_word' id='word_1_239' title='bbox 1248 3171 1325 3236; x_wconf 87' lang='lat' dir='ltr'>Oce.</span> 
     </span>
     <span class='ocr_line' id='line_1_27' title="bbox 154 3279 869 3364; baseline 0.008 -24"><span class='ocrx_word' id='word_1_240' title='bbox 154 3279 275 3360; x_wconf 84' lang='lat'>11,13.</span> <span class='ocrx_word' id='word_1_241' title='bbox 307 3279 408 3360; x_wconf 90' lang='grc'><strong>6,11.</strong></span> <span class='ocrx_word' id='word_1_242' title='bbox 441 3279 495 3359; x_wconf 88' lang='lat' dir='ltr'>(ef.</span> <span class='ocrx_word' id='word_1_243' title='bbox 520 3301 551 3364; x_wconf 94' lang='lat' dir='ltr'>p.</span> <span class='ocrx_word' id='word_1_244' title='bbox 577 3282 643 3361; x_wconf 86' lang='lat'>30.)</span> <span class='ocrx_word' id='word_1_245' title='bbox 864 3281 869 3292; x_wconf 82' lang='lat'><strong><em>‘</em></strong></span> 
     </span>
    </p>
   </div>
   <div class='ocr_carea' id='block_1_6' title="bbox 149 3385 1328 4538">
    <p class='ocr_par' dir='ltr' id='par_1_9' title="bbox 150 3385 1326 3577">
     <span class='ocr_line' id='line_1_28' title="bbox 257 3385 1326 3470; baseline 0 -22"><span class='ocrx_word' id='word_1_246' title='bbox 257 3385 365 3450; x_wconf 86' lang='lat' dir='ltr'>Etiam</span> <span class='ocrx_word' id='word_1_247' title='bbox 393 3393 466 3470; x_wconf 89' lang='lat' dir='ltr'>post</span> <span class='ocrx_word' id='word_1_248' title='bbox 495 3386 575 3451; x_wconf 91' lang='lat' dir='ltr'>haec</span> <span class='ocrx_word' id='word_1_249' title='bbox 599 3386 850 3451; x_wconf 89' lang='lat' dir='ltr'>enuntiationum</span> <span class='ocrx_word' id='word_1_250' title='bbox 881 3407 1010 3470; x_wconf 81' lang='lat' dir='ltr'>genera,</span> <span class='ocrx_word' id='word_1_251' title='bbox 1048 3407 1129 3468; x_wconf 88' lang='lat' dir='ltr'>quae</span> <span class='ocrx_word' id='word_1_252' title='bbox 1164 3387 1234 3469; x_wconf 88' lang='lat' dir='ltr'>ipsa</span> <span class='ocrx_word' id='word_1_253' title='bbox 1269 3405 1326 3469; x_wconf 90' lang='lat' dir='ltr'>per</span> 
     </span>
     <span class='ocr_line' id='line_1_29' title="bbox 150 3494 965 3577; baseline 0.002 -21"><span class='ocrx_word' id='word_1_254' title='bbox 150 3511 184 3556; x_wconf 88' lang='lat' dir='ltr'>se</span> <span class='ocrx_word' id='word_1_255' title='bbox 209 3499 365 3575; x_wconf 87' lang='lat' dir='ltr'>constant,</span> <span class='ocrx_word' id='word_1_256' title='bbox 391 3494 564 3559; x_wconf 88' lang='lat' dir='ltr'>infinitivus</span> <span class='ocrx_word' id='word_1_257' title='bbox 588 3499 724 3577; x_wconf 89' lang='lat' dir='ltr'>ponatur</span> <span class='ocrx_word' id='word_1_258' title='bbox 747 3513 877 3558; x_wconf 87' lang='lat' dir='ltr'>necesse</span> <span class='ocrx_word' id='word_1_259' title='bbox 902 3501 965 3559; x_wconf 89' lang='lat' dir='ltr'>est:</span> 
     </span>
    </p>

    <p class='ocr_par' dir='ltr' id='par_1_10' title="bbox 149 3600 1325 4219">
     <span class='ocr_line' id='line_1_30' title="bbox 258 3600 1325 3683; baseline -0.002 -20"><span class='ocrx_word' id='word_1_260' title='bbox 258 3603 289 3679; x_wconf 84' lang='lat' dir='ltr'>a)</span> <span class='ocrx_word' id='word_1_261' title='bbox 314 3601 472 3664; x_wconf 88' lang='lat' dir='ltr'>sententia</span> <span class='ocrx_word' id='word_1_262' title='bbox 507 3600 701 3665; x_wconf 83' lang='lat' dir='ltr'>antecedens</span> <span class='ocrx_word' id='word_1_263' title='bbox 730 3607 778 3665; x_wconf 88' lang='lat' dir='ltr'>est</span> <span class='ocrx_word' id='word_1_264' title='bbox 806 3601 975 3683; x_wconf 78' lang='lat' dir='ltr'>negativa:</span> <span class='ocrx_word' id='word_1_265' title='bbox 1014 3601 1165 3678; x_wconf 80' lang='grc' dir='ltr'>οὐδεμίαν</span> <span class='ocrx_word' id='word_1_266' title='bbox 1194 3600 1325 3662; x_wconf 88' lang='grc' dir='ltr'>πώποτε</span> 
     </span>
     <span class='ocr_line' id='line_1_31' title="bbox 149 3705 1324 3790; baseline -0.002 -20"><span class='ocrx_word' id='word_1_267' title='bbox 149 3705 267 3785; x_wconf 89' lang='grc' dir='ltr'>ἀγέλην</span> <span class='ocrx_word' id='word_1_268' title='bbox 292 3708 455 3790; x_wconf 82' lang='grc' dir='ltr'>ᾐσθήμεθα</span> <span class='ocrx_word' id='word_1_269' title='bbox 480 3711 649 3771; x_wconf 87' lang='grc' dir='ltr'>συστᾶσαν</span> <span class='ocrx_word' id='word_1_270' title='bbox 673 3709 724 3770; x_wconf 88' lang='grc' dir='ltr'>ἐπὶ</span> <span class='ocrx_word' id='word_1_271' title='bbox 748 3709 805 3770; x_wconf 88' lang='grc' dir='ltr'>τὸν</span> <span class='ocrx_word' id='word_1_272' title='bbox 827 3708 926 3785; x_wconf 91' lang='grc' dir='ltr'>νομέα</span> <span class='ocrx_word' id='word_1_273' title='bbox 950 3707 1023 3770; x_wconf 84' lang='grc' dir='ltr'>οὔτε</span> <span class='ocrx_word' id='word_1_274' title='bbox 1040 3707 1084 3785; x_wconf 83' lang='grc' dir='ltr'>ὡς</span> <span class='ocrx_word' id='word_1_275' title='bbox 1102 3709 1142 3784; x_wconf 84' lang='grc' dir='ltr'>μὴ</span> <span class='ocrx_word' id='word_1_276' title='bbox 1160 3708 1324 3770; x_wconf 90' lang='grc' dir='ltr'>πείθεσθαι</span> 
     </span>
     <span class='ocr_line' id='line_1_32' title="bbox 150 3813 1325 3898; baseline 0 -22"><span class='ocrx_word' id='word_1_277' title='bbox 150 3813 224 3877; x_wconf 88' lang='grc' dir='ltr'>οὔτε</span> <span class='ocrx_word' id='word_1_278' title='bbox 248 3815 293 3891; x_wconf 87' lang='grc' dir='ltr'>ὡς</span> <span class='ocrx_word' id='word_1_279' title='bbox 318 3817 357 3892; x_wconf 84' lang='grc' dir='ltr'>μὴ</span> <span class='ocrx_word' id='word_1_280' title='bbox 382 3815 562 3893; x_wconf 82' lang='grc' dir='ltr'>ἐπιτρέπειν</span> <span class='ocrx_word' id='word_1_281' title='bbox 585 3821 630 3898; x_wconf 83' lang='grc' dir='ltr'>τῷ</span> <span class='ocrx_word' id='word_1_282' title='bbox 655 3821 767 3897; x_wconf 83' lang='grc' dir='ltr'>καρπῷ</span> <span class='ocrx_word' id='word_1_283' title='bbox 792 3819 927 3893; x_wconf 83' lang='grc' dir='ltr'>χρῆσθαι</span> <span class='ocrx_word' id='word_1_284' title='bbox 962 3813 1036 3898; x_wconf 81' lang='lat' dir='ltr'>Cyn.</span> <span class='ocrx_word' id='word_1_285' title='bbox 1054 3815 1070 3878; x_wconf 93' lang='lat' dir='ltr'>I</span> <span class='ocrx_word' id='word_1_286' title='bbox 1088 3817 1116 3895; x_wconf 92' lang='grc'>1,</span> <span class='ocrx_word' id='word_1_287' title='bbox 1134 3816 1164 3876; x_wconf 93' lang='grc'>2.</span> <span class='ocrx_word' id='word_1_288' title='bbox 1197 3814 1235 3876; x_wconf 90' lang='lat' dir='ltr'>R.</span> <span class='ocrx_word' id='word_1_289' title='bbox 1253 3833 1325 3895; x_wconf 88' lang='lat' dir='ltr'>equ.</span> 
     </span>
     <span class='ocr_line' id='line_1_33' title="bbox 153 3920 1324 4005; baseline 0 -23"><span class='ocrx_word' id='word_1_290' title='bbox 153 3921 204 4002; x_wconf 83' lang='lat'>10,</span> <span class='ocrx_word' id='word_1_291' title='bbox 224 3922 275 3984; x_wconf 90' lang='grc'>12.</span> <span class='ocrx_word' id='word_1_292' title='bbox 307 3929 362 3984; x_wconf 91' lang='lat' dir='ltr'>aut</span> <span class='ocrx_word' id='word_1_293' title='bbox 386 3922 516 3985; x_wconf 86' lang='lat' dir='ltr'>verbum</span> <span class='ocrx_word' id='word_1_294' title='bbox 541 3921 692 4004; x_wconf 86' lang='lat' dir='ltr'>negativo</span> <span class='ocrx_word' id='word_1_295' title='bbox 717 3941 811 3985; x_wconf 88' lang='lat' dir='ltr'>sensu</span> <span class='ocrx_word' id='word_1_296' title='bbox 834 3920 1016 4005; x_wconf 89' lang='lat' dir='ltr'>praeditum</span> <span class='ocrx_word' id='word_1_297' title='bbox 1041 3922 1195 3985; x_wconf 86' lang='lat' dir='ltr'>oontmet:</span> <span class='ocrx_word' id='word_1_298' title='bbox 1227 3920 1324 3997; x_wconf 79' lang='grc' dir='ltr'>’ίωμεν</span> 
     </span>
     <span class='ocr_line' id='line_1_34' title="bbox 150 4027 1325 4106; baseline 0 -16"><span class='ocrx_word' id='word_1_299' title='bbox 150 4028 201 4090; x_wconf 88' lang='grc' dir='ltr'>ἐπὶ</span> <span class='ocrx_word' id='word_1_300' title='bbox 225 4028 301 4104; x_wconf 88' lang='grc' dir='ltr'>τοὺς</span> <span class='ocrx_word' id='word_1_301' title='bbox 326 4029 571 4106; x_wconf 93' lang='grc' dir='ltr'>πολεμίους...</span> <span class='ocrx_word' id='word_1_302' title='bbox 616 4029 743 4105; x_wconf 90' lang='grc' dir='ltr'>ἰδιώτας</span> <span class='ocrx_word' id='word_1_303' title='bbox 775 4027 872 4105; x_wconf 88' lang='grc' dir='ltr'>ὄντας</span> <span class='ocrx_word' id='word_1_304' title='bbox 903 4029 948 4104; x_wconf 85' lang='grc' dir='ltr'>ὼς</span> <span class='ocrx_word' id='word_1_305' title='bbox 984 4029 1066 4106; x_wconf 88' lang='grc' dir='ltr'>πρὸς</span> <span class='ocrx_word' id='word_1_306' title='bbox 1101 4029 1183 4104; x_wconf 85' lang='grc' dir='ltr'>ἡμᾶς</span> <span class='ocrx_word' id='word_1_307' title='bbox 1213 4027 1325 4103; x_wconf 87' lang='grc' dir='ltr'>ἀγωνί-</span> 
     </span>
     <span class='ocr_line' id='line_1_35' title="bbox 151 4135 732 4219; baseline -0.003 -19"><span class='ocrx_word' id='word_1_308' title='bbox 151 4139 261 4200; x_wconf 87' lang='grc' dir='ltr'>Ζεσθαι</span> <span class='ocrx_word' id='word_1_309' title='bbox 286 4135 360 4219; x_wconf 83' lang='lat' dir='ltr'>Cyr.</span> <span class='ocrx_word' id='word_1_310' title='bbox 385 4136 402 4198; x_wconf 99' lang='lat' dir='ltr'>I</span> <span class='ocrx_word' id='word_1_311' title='bbox 425 4135 456 4216; x_wconf 82' lang='lat'>5,</span> <span class='ocrx_word' id='word_1_312' title='bbox 476 4138 527 4199; x_wconf 86' lang='lat'>11.</span> <span class='ocrx_word' id='word_1_313' title='bbox 560 4135 605 4199; x_wconf 93' lang='lat' dir='ltr'>VI</span> <span class='ocrx_word' id='word_1_314' title='bbox 629 4135 732 4217; x_wconf 92' lang='grc'>4,16.</span> 
     </span>
    </p>

    <p class='ocr_par' dir='ltr' id='par_1_11' title="bbox 153 4240 1328 4538">
     <span class='ocr_line' id='line_1_36' title="bbox 260 4240 1326 4325; baseline -0.001 -20"><span class='ocrx_word' id='word_1_315' title='bbox 260 4241 293 4322; x_wconf 82' lang='lat' dir='ltr'>b)</span> <span class='ocrx_word' id='word_1_316' title='bbox 319 4243 554 4325; x_wconf 80' lang='lat' dir='ltr'>comparativus</span> <span class='ocrx_word' id='word_1_317' title='bbox 579 4262 649 4306; x_wconf 91' lang='lat' dir='ltr'>eum</span> <span class='ocrx_word' id='word_1_318' title='bbox 673 4241 895 4319; x_wconf 76' lang='lat' dir='ltr'>iiconiunctus</span> <span class='ocrx_word' id='word_1_319' title='bbox 912 4240 1086 4305; x_wconf 86' lang='lat' dir='ltr'>antecedit:</span> <span class='ocrx_word' id='word_1_320' title='bbox 1111 4241 1169 4318; x_wconf 92' lang='grc' dir='ltr'>τὰς</span> <span class='ocrx_word' id='word_1_321' title='bbox 1186 4240 1326 4318; x_wconf 89' lang='grc' dir='ltr'>ἀσπίδας</span> 
     </span>
     <span class='ocr_line' id='line_1_37' title="bbox 153 4348 1327 4432; baseline -0.001 -21"><span class='ocrx_word' id='word_1_322' title='bbox 153 4349 278 4426; x_wconf 84' lang='grc' dir='ltr'>μείζους</span> <span class='ocrx_word' id='word_1_323' title='bbox 308 4349 439 4427; x_wconf 90' lang='grc' dir='ltr'>ἐχουσιν</span> <span class='ocrx_word' id='word_1_324' title='bbox 468 4350 487 4426; x_wconf 86' lang='grc' dir='ltr'>ἢ</span> <span class='ocrx_word' id='word_1_325' title='bbox 517 4350 562 4426; x_wconf 87' lang='grc' dir='ltr'>ὼς</span> <span class='ocrx_word' id='word_1_326' title='bbox 593 4353 697 4412; x_wconf 89' lang='grc' dir='ltr'>ποιεῖν</span> <span class='ocrx_word' id='word_1_327' title='bbox 721 4370 749 4411; x_wconf 90' lang='grc' dir='ltr'>τι</span> <span class='ocrx_word' id='word_1_328' title='bbox 773 4350 823 4412; x_wconf 83' lang='grc' dir='ltr'>καὶ</span> <span class='ocrx_word' id='word_1_329' title='bbox 848 4349 928 4426; x_wconf 89' lang='grc' dir='ltr'>ὁρᾶν</span> <span class='ocrx_word' id='word_1_330' title='bbox 953 4348 1026 4432; x_wconf 83' lang='lat' dir='ltr'>Cyr.</span> <span class='ocrx_word' id='word_1_331' title='bbox 1052 4349 1098 4411; x_wconf 90' lang='lat' dir='ltr'>VI</span> <span class='ocrx_word' id='word_1_332' title='bbox 1120 4348 1222 4429; x_wconf 77' lang='grc'>4,17.</span> <span class='ocrx_word' id='word_1_333' title='bbox 1268 4349 1327 4425; x_wconf 89' lang='grc' dir='ltr'>τὴν</span> 
     </span>
     <span class='ocr_line' id='line_1_38' title="bbox 154 4454 1328 4538; baseline -0.001 -20"><span class='ocrx_word' id='word_1_334' title='bbox 154 4455 269 4532; x_wconf 81' lang='grc' dir='ltr'>ἀγυιὰν</span> <span class='ocrx_word' id='word_1_335' title='bbox 293 4457 494 4533; x_wconf 93' lang='grc' dir='ltr'>στενωτέραν</span> <span class='ocrx_word' id='word_1_336' title='bbox 518 4457 537 4534; x_wconf 84' lang='grc' dir='ltr'>ἢ</span> <span class='ocrx_word' id='word_1_337' title='bbox 563 4456 607 4532; x_wconf 85' lang='grc' dir='ltr'>ὼς</span> <span class='ocrx_word' id='word_1_338' title='bbox 632 4456 682 4518; x_wconf 89' lang='grc' dir='ltr'>ἐπὶ</span> <span class='ocrx_word' id='word_1_339' title='bbox 714 4456 862 4533; x_wconf 87' lang='grc' dir='ltr'>μετώπου</span> <span class='ocrx_word' id='word_1_340' title='bbox 890 4455 1013 4531; x_wconf 87' lang='grc' dir='ltr'>πάντας</span> <span class='ocrx_word' id='word_1_341' title='bbox 1039 4456 1149 4518; x_wconf 91' lang='grc' dir='ltr'>διιέναι</span> <span class='ocrx_word' id='word_1_342' title='bbox 1195 4454 1268 4538; x_wconf 83' lang='lat' dir='ltr'>Cyr.</span> <span class='ocrx_word' id='word_1_343' title='bbox 1293 4455 1328 4517; x_wconf 93' lang='lat' dir='ltr'>II</span> 
     </span>
    </p>
   </div>
   <div class='ocr_carea' id='block_1_7' title="bbox 0 0 1572 5116">
    <p class='ocr_par' dir='ltr' id='par_1_12' title="bbox 0 0 1572 5116">
     <span class='ocr_line' id='line_1_39' title="bbox 0 0 1572 5116; baseline 0 0"><span class='ocrx_word' id='word_1_344' title='bbox 0 0 1572 5116; x_wconf 95' lang='lat' dir='ltr'> </span> 
     </span>
    </p>
   </div>
  </div>
 </body>
</html>
