3132 5116
748 391 923 450 ..22-

251 580 332 655 ναῦς
364 578 447 642 ιίιστε
477 575 576 661 ὀλίγῳ
611 574 774 654 ἐλάσσους
810 573 890 641 εἶναι
918 575 1029 654 αὐτοῖς
1059 579 1125 640 τῶν
1149 573 1297 640 Ἀττικῶν
1327 579 1422 659 νεῶν,

250 685 431 764 ὁρμίζονται
455 685 534 748 κατὰ
558 683 701 762 Ἐρινεὸν
724 689 781 762 τῆς
807 683 935 763 Ἀχαίας
960 685 1022 748 VII
1046 685 1097 759 34,
1124 685 1152 747 1.
1199 690 1243 768 τῷ
1269 686 1303 747 δὲ
1332 685 1423 767 μέσῳ

250 793 500 870 διεσπασμέναις
524 795 594 869 ταῖς
619 794 714 855 ναυσὶ
738 793 939 867 καθίσταντο,
963 791 1071 869 ἄλλως
1095 812 1129 855 τε
1153 793 1203 854 καί
1227 792 1422 869 τοῦχωρίου

251 899 357 966 ὀξεῖαν
381 902 431 963 καὶ
455 899 602 976 γωνιώδη
627 900 685 976 τὴν
709 899 882 977 περιβολὴν
906 897 1050 977 ἔχοντος,Ι
1073 899 1157 961 ὥστε
1181 899 1220 960 τὰ
1244 897 1278 961 ἐν
1302 903 1347 980 τῷ
1371 895 1422 960 ἐπ’

251 1009 355 1071 ἐκεῖνα
375 1007 474 1070 αὐτοῦ
492 1006 721 1085 γιγνόμεναμὴ
739 1005 989 1070 κάτοπταεῖναι.
1015 1005 1095 1069 VIII
1122 1005 1193 1080 104,
1217 1005 1246 1069 5.
1270 1004 1302 1067 II
1324 1003 1380 1080 50,
1393 1005 1424 1069 2.

251 1115 300 1178 III
324 1116 375 1190 21,
399 1115 427 1178 3.

357 1222 390 1301 b)
414 1221 572 1285 sententia
596 1219 790 1284 antecedens
814 1220 861 1283 sui
886 1219 963 1283 iuris
986 1225 1050 1283 est:

359 1331 386 1392 1.
409 1349 514 1414 praes.
543 1328 598 1392 inf.
646 1331 679 1409 α)
714 1334 787 1412 post
819 1347 923 1412 praes.
959 1326 1024 1390 ind.
1072 1327 1207 1404 ἕκαστος
1225 1379 1231 1390 .
1248 1379 1253 1390 .
1271 1378 1300 1390 ..
1324 1326 1425 1390 οίεται

359 1437 464 1514 μέλειν
499 1438 559 1500 τινί
588 1437 639 1498 καὶ
669 1433 757 1518 ἄλλῳ
788 1436 867 1512 ὑπὲρ
897 1435 1013 1498 ἑαυτοῦ
1041 1456 1070 1498 τι
1094 1439 1246 1512 προιδεῖν,
1271 1436 1355 1498 ὥστε
1377 1441 1425 1518 τῷ

251 1543 338 1627 αὐτῷ
366 1543 429 1606 ὑπὸ
454 1542 607 1606 ἁπάντων
631 1543 693 1625 ἰδίᾳ
718 1542 892 1620 δοξάσματι
917 1542 1086 1606 λανθάνειν
1109 1543 1145 1605 τά
1171 1543 1279 1606 κοινὸν
1303 1542 1443 1620 ἀθρόον
1532 1531 1534 1534 ’

251 1651 465 1729 φθειρόμενον
494 1650 509 1712 Ι
543 1650 615 1731 141,
647 1651 675 1713 7.
734 1653 764 1730 β)
799 1656 872 1733 post
907 1648 1032 1733 imperf.
1073 1650 1323 1728 προκαλύμματα
1359 1648 1425 1727 εἶχε

252 1758 373 1834 δέρρεις
398 1759 447 1820 καὶ
472 1757 635 1836 διφθέρας,
660 1758 743 1820 ὥστε
768 1759 845 1834 τοὺς
870 1757 1102 1835 ἐργαζομένους
1126 1759 1177 1820 καὶ
1199 1757 1237 1820 τά
1254 1757 1331 1823 ξύλα
1348 1757 1426 1834 μήτε

251 1864 432 1942 πυρφόροις
450 1864 580 1949 οἰστοῖς,
592 1864 764 1942 βάλλεσθαι
781 1865 815 1928 ἐν
832 1863 996 1947 ἀσφαλείᾳ
1011 1885 1045 1927 τε
1062 1863 1141 1927 εἶναι
1159 1864 1191 1926 II
1205 1864 1257 1945 II),
1274 1863 1304 1927 5.
1324 1864 1374 1942 76,
1393 1864 1424 1926 2.

253 1972 302 2034 III
332 1973 385 2052 21,
414 1973 445 2034 2.
487 1971 549 2035 VII
580 1971 631 2053 75,
661 1972 683 2034 4
714 1970 899 2052 (semicolon
928 1973 960 2035 in
990 1992 1113 2036 comma
1141 1970 1327 2035 mutandum
1355 1991 1426 2035 esse

254 2078 375 2141 monuit
399 2077 515 2142 Seume
539 2099 570 2162 p.
595 2078 661 2158 34).
708 2080 740 2158 γ)
776 2085 849 2163 post
884 2099 949 2143 τοι.
985 2078 1051 2143 ίιιά.
1092 2083 1157 2142 τῶν
1180 2078 1353 2142 Πλαταιῶν
1377 2099 1426 2155 τις

252 2185 310 2262 τὰς
340 2185 445 2262 πύλας
475 2185 590 2269 ἔκλῃσε
619 2187 703 2249 ὥστε
733 2187 810 2263 μηδὲ
839 2186 937 2270 ταύτῃ
968 2186 1013 2250 ἔτι
1042 2186 1154 2252 έξοδον
1178 2185 1258 2249 εἶναι
1284 2186 1314 2248 II
1337 2186 1368 2266 4,
1393 2185 1427 2248 3.

255 2293 303 2355 III
328 2292 380 2373 87,
406 2293 436 2355 2.
454 2292 500 2356 IV
517 2293 569 2374 81,
587 2294 618 2355 2.
666 2297 695 2372 b)
720 2300 793 2377 post
808 2294 888 2377 perf.
906 2293 971 2356 ind.
1002 2295 1031 2357 οἱ
1056 2295 1090 2356 δὲ
1114 2293 1426 2376 παριμκοδομήκασιν

253 2400 327 2477 ἡμῖν
351 2404 457 2477 τεῖχος
483 2400 617 2476 ἁπλοῦν,
649 2401 733 2464 ὥστε
758 2403 798 2479 μὴ
823 2400 902 2464 εἶναι
931 2400 977 2463 ἔτι
1001 2401 1208 2479 περιτειχίσαι
1232 2399 1359 2476 αύτούς,
1386 2399 1426 2475 ἢν

254 2507 294 2584 μή
319 2527 365 2584 τις
390 2508 427 2570 τὸ
451 2509 684 2586 παρατείχισμα
707 2512 804 2571 τοῦτο
828 2511 932 2591 πολλῇ
956 2512 1089 2590 στρατιᾷ
1113 2507 1257 2570 ἐπελθὼν
1281 2507 1336 2589 ἕλῃ
1361 2505 1425 2570 VII

254 2615 305 2694 11,
329 2614 360 2676 3.
398 2614 446 2676 III
470 2613 524 2696 43,
549 2614 580 2678 2.

358 2721 389 2784 2.
414 2741 479 2784 aor.
504 2720 560 2785 inf.
596 2723 628 2800 α)
655 2728 736 2805 post.
762 2742 865 2807 praes.
891 2720 955 2785 ind.
996 2723 1027 2785 οί
1059 2721 1250 2799 Ἀκαρνᾶνες
1280 2721 1426 2795 ἐπιγενό-

252 2848 342 2906 μενοι
368 2829 479 2905 αύτοῑς
504 2829 583 2892 κατὰ
607 2829 713 2892 νώτου
738 2830 979 2907 προσπίπτουσί
1003 2850 1037 2892 τε
1061 2830 1111 2892 καὶ
1136 2829 1316 2906 τρέπουσιν,
1341 2829 1427 2890 ὥστε

253 2937 329 3014 μήτε
354 2935 387 3012 ἐς
413 2935 513 3013 ἀλκὴν
537 2937 706 3014 ὑπομεῖναι
723 2937 926 3015 φοβηθέντας
950 2958 984 3000 τε
1008 2937 1041 3013 ές
1066 2937 1174 3015 φυγὴν
1198 2936 1247 2998 καί
1271 2935 1308 2998 τὸ
1325 2935 1428 2997 πλέον

252 3046 309 3105 τοῦ
334 3042 573 3120 στρατεύματος
596 3048 794 3121 καταστῆσαι
818 3043 869 3106 III
894 3043 967 3126 108,
994 3044 1022 3106 1.
1061 3045 1090 3122 β)
1114 3049 1187 3126 post
1209 3041 1333 3125 imperf.
1359 3042 1427 3104 ἐπεὶ

252 3151 303 3212 καί
327 3149 404 3226 μετὰ
427 3150 466 3212 τά
483 3150 608 3227 Τρωικά
632 3150 651 3228 ἡ
675 3149 796 3227 Ἑλλὰς
821 3150 865 3213 ἔτι
887 3151 1096 3227 μετανίστατό
1112 3170 1146 3212 τε
1162 3150 1212 3212 καί
1229 3148 1428 3232 κατῳκίζετο,

253 3257 337 3319 ὥστε
368 3258 408 3334 μή
437 3256 654 3334 ἡσυχάσασαν
684 3257 857 3335 αὐξηθῆναι
889 3257 903 3319 Ι
930 3257 980 3338 12,
1007 3258 1036 3319 1.
1075 3259 1107 3338 γ)
1131 3261 1203 3341 post
1227 3275 1292 3320 aor.
1317 3252 1428 3332 inus

253 3365 336 3441 πνοὴ
361 3364 469 3441 φλόγα
497 3364 597 3427 ἐποίει
628 3363 768 3442 μεγάλην
799 3366 849 3427 καὶ
873 3363 936 3441 ἧψε
959 3368 1016 3426 τοῦ
1041 3364 1175 3441 τείχους,
1199 3364 1284 3425 ὥστε
1308 3362 1429 3439 μηδένα

253 3466 302 3531 ἐπ’
328 3470 427 3533 αὐτού
459 3471 503 3533 ἔτι
528 3475 639 3548 μεῖναι,
669 3469 752 3535 ἀλλὰ
782 3469 1002 3547 ἀπολιπόντας
1032 3471 1066 3546 ές
1096 3470 1203 3547 φυγὴν
1233 3473 1429 3546 καταστῆναι

253 3578 303 3639 καί
327 3578 364 3640 τὸ
388 3577 534 3655 τείχισμα
557 3577 661 3662 τούτῳ
686 3584 731 3662 τῷ
755 3578 865 3661 τρόπῳ
890 3576 1020 3640 ἁλῶναι.
1050 3575 1095 3640 IV
1114 3577 1188 3655 100,
1205 3576 1236 3640 4.
1261 3576 1307 3638 VI
1326 3576 1379 3656 70,
1399 3576 1428 3638 1.

361 3684 429 3746 Iam
459 3685 485 3747 si
515 3704 586 3748 cum
616 3684 677 3748 hoc
705 3685 794 3748 vario
823 3683 971 3747 infinitivi
1000 3703 1059 3748 usu
1087 3683 1342 3767 comparabimus
1366 3702 1430 3745 rno-

254 3789 365 3854 dorum
378 3811 479 3872 usum,
496 3791 693 3855 inveniemus
710 3793 795 3854 ὥστε
811 3790 1001 3875 particulam
1019 3810 1090 3853 cum
1107 3789 1210 3854 modis
1227 3789 1430 3853 coniunctam

255 3917 325 3961 esse
354 3918 417 3961 non
445 3897 506 3961 nisi
536 3898 746 3962 antecedente
776 3898 943 3979 sententia,
975 3917 1056 3978 quae
1084 3897 1156 3981 ipsa
1180 3903 1228 3961 est
1263 3896 1312 3960 sui
1342 3895 1429 3960 iuris.

253 4005 425 4067 Praeterea
449 4003 619 4068 discrimen
636 4004 839 4070 statuendum
863 4010 911 4067 est
927 4005 1009 4067 inter
1026 4002 1234 4068 indicativum
1258 4008 1290 4067 et
1308 4009 1431 4066 eeteros

254 4109 374 4174 modos.
422 4112 505 4178 Nam
539 4112 572 4174 in
602 4112 648 4176 eis
677 4111 842 4176 sententiis
866 4110 1087 4192 consecutivis,
1124 4129 1206 4192 quae
1234 4110 1334 4173 artius
1359 4129 1430 4174 oum

254 4217 516 4283 antecedentibus
533 4217 704 4282 cohaerent
722 4218 896 4301 praemisso
914 4217 1067 4282 adverbio
1092 4217 1142 4281 vel
1167 4216 1354 4300 pronomine
1378 4215 1430 4279 de-

254 4325 472 4408 monstrativa
508 4324 607 4389 solum
644 4323 837 4388 indicativus
872 4331 1057 4408 usurpatum
1100 4331 1225 4388 ceterae
1264 4321 1430 4387 modorum

253 4433 374 4497 formae
398 4433 442 4496 ibi
467 4438 590 4496 tantum
614 4430 833 4514 admittuntur,
858 4431 911 4495 ubi
936 4432 1094 4515 particula
1118 4433 1211 4506 ὥστε,
1235 4430 1304 4493 sive
1330 4429 1432 4493 levior
