3132 5116
740 371 914 425 ..φο-

243 551 314 617 Ηυυ
331 558 498 637 praeterea
513 545 679 638 'pertinere
695 552 772 616 mihi
790 551 949 616 videntur:
975 552 1056 633 129,
1067 552 1097 615 3.
1126 553 1198 634 121,
1213 552 1244 616 5.
1269 553 1367 635 1140,
1381 551 1413 616 4.

244 659 296 741 15,
310 660 340 723 3.
365 661 394 724 V
417 660 470 741 34,
484 661 515 723 2.
539 660 585 722 VI
609 659 662 741 90,
676 659 708 724 4.
733 659 812 723 VIII
836 658 889 740 45,
903 658 934 722 2.
959 659 1055 740 56,4.
1079 659 1132 734 66,
1146 660 1177 723 4.

352 767 386 831 Si
411 766 607 832 concesseris
631 765 690 848 his,
727 785 805 848 quos
834 765 997 847 hucusque
1026 767 1216 842 enumeravi,
1251 765 1415 831 infinitivis

243 873 307 938 vim
331 873 456 964 finalem
480 874 593 954 inesse,
632 893 695 937 non
730 873 775 936 ita
809 873 909 936 multa
944 873 1091 957 exempla
1115 881 1291 957 supersunt,
1332 894 1414 956 quae

243 980 431 1046 infinitivum
456 982 487 1045 vi
513 981 718 1045 consecutiva
741 980 920 1064 praeditum
946 979 1106 1045 exhibent.
1154 981 1259 1063 Atque
1283 988 1317 1045 ut
1341 1001 1415 1045 eun-

243 1087 315 1152 dem
339 1108 431 1170 quem
454 1086 541 1173 apud
554 1086 750 1152 Herodotum
768 1087 910 1152 ordinem
928 1107 1062 1166 servem,
1088 1089 1225 1152 occurrit
1241 1088 1415 1153 infinitivus

351 1198 383 1276 a)
406 1200 479 1279 post
503 1194 634 1259 verbum
658 1195 772 1273 ξυνέβη
798 1194 882 1258 ὥστε
906 1194 940 1258 id
964 1201 1012 1259 cst
1036 1194 1171 1260 ‘accidit
1194 1194 1259 1260 ut':
1299 1197 1413 1275 ξυνέβη

244 1303 338 1380 εὐθὺς
372 1303 449 1381 μετὰ
481 1304 539 1380 τὴν
572 1302 607 1365 έν
627 1303 818 1380 Ἀμφιπόλει
842 1301 944 1380 μάχην
969 1301 1054 1366 ὥστε
1082 1303 1224 1380 πολέμου
1248 1304 1346 1381 μηδὲν
1370 1302 1416 1366 ἔτι

244 1408 389 1486 ἅψασθαι
413 1410 607 1489 μηδετέρους
632 1411 660 1473 V
687 1410 782 1490 14,1.
819 1407 874 1488 (ad
909 1428 1035 1473 sensum
1064 1409 1232 1474 verborum
1257 1409 1416 1473 efficiendi

243 1515 371 1580 accedit
394 1517 507 1594 ξυνέβη
533 1517 578 1580 IV
603 1517 655 1597 19,
669 1517 705 1597 33
731 1517 860 1580 verbum
884 1515 1070 1601 paciscendi
1094 1520 1142 1580 est
1166 1518 1345 1596 ξυμβαίνειν
1369 1517 1417 1580 IV

243 1624 297 1705 46,
311 1625 342 1687 2.
367 1625 396 1688 V
420 1624 533 1706 61‚5.)
1239 1707 1240 1712 ἵ

351 1731 384 1810 b)
409 1737 481 1814 post
514 1731 702 1794 sententiam
734 1731 933 1812 negativam:
974 1731 1032 1794 οὐκ
1067 1731 1174 1810 ἐχθροὶ
1207 1730 1299 1808 ὄντες
1330 1731 1418 1795 ὥστε
1446 1801 1455 1808 ,

246 1838 397 1917 βλάπτειν
421 1835 489 1900 οὐδ’
516 1837 555 1900 αὖ
580 1839 669 1916 φίλοι
694 1834 771 1900 ὥστ’
802 1838 991 1915 ἐπιχρῆσθαι
1026 1839 1163 1919 141,1.
1189 1838 1220 1900 II
1244 1838 1296 1920 51,
1311 1839 1341 1902 6.
1367 1839 1418 1901 III

244 1946 297 2026 23,
311 1946 341 2008 5.
375 1945 474 2027 44,4.
510 1944 555 2008 IV
584 1945 682 2026 64,1.
719 1944 815 2026 18,4.
852 1946 880 2009 V
904 1945 957 2027 35,
971 1944 1002 2009 5.
1029 1945 1124 2027 ί4,3.
1182 1945 1232 2009 De
1267 1945 1418 2028 1129,3

245 2072 275 2116 ν.
299 2073 331 2137 p.
356 2052 410 2116 46.

352 2161 382 2238 c)
405 2165 478 2243 post
502 2160 753 2242 comparativum
778 2178 849 2223 cum
865 2159 884 2237 ἦ
902 2159 1119 2224 coniunctum:
1144 2161 1419 2240 σωφρονέστερον

245 2267 264 2344 ἢ
290 2266 376 2330 ὥστε
400 2265 612 2344 ἀνηκουστεῖν
636 2266 651 2328 1
676 2266 728 2348 84,
742 2267 773 2330 3.
797 2266 876 2330 VIII
899 2267 953 2348 46,
967 2266 997 2330 5.

352 2373 386 2453 d)
409 2380 481 2457 post
513 2373 701 2437 sententiam
736 2372 1003 2438 condicionalem:
1040 2375 1067 2438 εί
1099 2375 1133 2437 δέ
1161 2375 1420 2452 προσγενήσεται

244 2482 280 2544 ἓν
304 2480 349 2544 έτι
373 2485 441 2558 τοῖς
466 2482 638 2558 πολεμίοις,
672 2480 757 2544 ὥστε
780 2481 818 2542 τὰ
842 2481 1003 2559 τρέφοντα
1032 2482 1114 2560 ἡμᾶς
1138 2482 1238 2560 χωρία
1262 2485 1318 2558 τῆς
1339 2481 1419 2543 Ἰτα-

247 2588 317 2665 λίας
351 2589 432 2666 πρὸς
466 2588 608 2664 ἐκείνους
641 2592 794 2666 χωρῆσαι,
828 2590 1137 2667 διαπεπολεμήσεται
1170 2589 1280 2666 αὐτοῖς
1305 2587 1420 2667 ἀμαχεί

245 2695 307 2758 VII
334 2683 386 2776 14,
400 2696 431 2758 3.
456 2694 535 2758 VIII
560 2695 612 2776 36,
626 2695 657 2758 6.
1380 2701 1382 2704 ’

353 2803 383 2880 ο)
408 2801 575 2866 Sententia
598 2802 749 2886 primaria
772 2803 842 2886 ipsa
865 2800 985 2886 pendet

329 2985 330 2988 Ἴ
356 2911 383 2972 1.
431 2909 463 2972 in
487 2907 642 2973 infinitivo
666 2909 770 2992 posita
787 2929 826 2972 cx
844 2909 940 2973 verbo
962 2908 1101 2990 dicendi,
1127 2909 1330 2973 existimandi
1347 2909 1420 2974 sim.

352 3017 428 3092 τοὺς
453 3017 513 3094 γὰρ
539 3017 699 3094 Βοιωτοὺς
733 3017 837 3098 ᾤοντο
872 3021 1042 3079 πεπεῖσθαι
1075 3017 1138 3079 ὑπὸ
1162 3017 1421 3094 Λακεδαιμονίων

247 3123 280 3199 ές
304 3123 362 3200 τὰς
387 3121 562 3199 Ἀθηναίων
587 3123 733 3199 σπονδὰς
758 3123 886 3198 έσιέναι,
910 3122 987 3200 τούς
1022 3144 1055 3186 τε
1075 3125 1266 3201 Ἀθηναίους
1301 3123 1420 3187 εἰδέναι

247 3234 358 3311 ταῦτα,
396 3229 480 3292 ὥστε
506 3229 581 3292 οὐδὲ
605 3231 686 3307 πρὸς
707 3231 898 3307 Ἀθηναίους
923 3229 967 3293 ἔτι
1000 3231 1115 3308 σφίσιν
1140 3229 1219 3293 εἶναι
1244 3231 1421 3309 ξυμμαχίαν

247 3337 446 3414 ποιήσασθαι
470 3337 498 3400 V
522 3337 575 3417 40,
588 3337 619 3400 2.
644 3336 694 3399 III
718 3337 771 3418 92,
784 3337 815 3400 4.
839 3337 856 3400 I
881 3337 954 3418 124,
968 3337 998 3400 3.

355 3444 505 3522 (ἐνόμιζε)
529 3447 586 3506 τοῦ
612 3443 719 3506 αὐτῶν
736 3445 957 3521 στρατοπέδου
975 3448 1143 3522 καταφανῆ
1160 3444 1200 3507 ἂν
1217 3442 1296 3507 εἶναι
1313 3442 1421 3508 πάντα

247 3551 286 3612 τὰ
309 3550 525 3628 ἁμαρτήματα,
558 3549 643 3613 ὥστε
667 3551 878 3628 προσπίπτειν
905 3533 951 3614 ἂν
976 3550 1094 3628 αὐτοὺς
1122 3549 1375 3629 ἀπροσδοκήτως
1399 3553 1420 3635 ᾗ

249 3657 418 3736 βούλοιντο
443 3657 488 3721 IV
512 3657 565 3738 29,
579 3658 609 3721 3.
637 3658 688 3738 13,
705 3657 736 3720 3.
761 3657 810 3720 1)ο
827 3655 867 3721 ἄν
882 3665 965 3741 part.
982 3679 1012 3721 ν.
1029 3679 1061 3741 p.
1075 3658 1115 3722 51
1131 3677 1177 3739 sq.
1225 3657 1296 3722 Huc
1323 3659 1420 3742 perti-

246 3770 323 3828 nent
337 3762 499 3827 'orationis
523 3764 672 3845 obIIquae
697 3764 859 3848 exempla:
885 3764 969 3828 ὥστε
1003 3766 1164 3842 Βοιωτοὺς
1188 3765 1421 3843 προαγορεύειν

248 3870 366 3948 αὐτοὺς
391 3871 425 3933 ἐκ
448 3873 505 3933 τοῦ
529 3871 617 3948 ίεροῦ
641 3868 797 3947 ἀπιόντας
832 3869 1054 3950 ἀποφέρεσθαι
1084 3872 1122 3934 τὰ
1146 3873 1288 3951 σφέτερα
1311 3872 1422 3936 αὐτῶν

247 3978 293 4041 IV
317 3978 370 4059 91,
383 3978 413 4040 4.
440 3976 520 4041 VIII
545 3977 597 4059 16,
611 3977 642 4041 6.

354 4085 385 4147 2.
432 4085 464 4146 iu
487 4084 656 4169 participio
680 4085 785 4169 posita
809 4103 850 4148 ex
873 4085 970 4150 verbo
996 4084 1169 4150 sentiendi:

354 4192 405 4254 καί
430 4191 527 4268 αὐτὸς
553 4195 684 4255 πολλῶν
718 4192 778 4270 ἤδη
815 4193 965 4272 πολέμων
1000 4192 1148 4271 ἔμπειρός
1173 4193 1232 4272 εἰμι
1256 4194 1306 4256 καὶ
1330 4193 1422 4271 ὑμῶν

248 4300 324 4375 τοὺς
348 4299 384 4362 έν
406 4304 443 4382 τῇ
469 4298 547 4382 αὐτῇ
581 4299 685 4381 ἡλικίᾳ
720 4299 787 4376 ὁρῶ
820 4301 877 4380 (sc.
902 4300 1072 4378 ἐμπείρους
1105 4299 1225 4380 ὄντας),
1259 4299 1343 4363 ὥστε
1379 4303 1421 4379 μὴ

248 4404 376 4487 ἀπειρίᾳ
400 4405 590 4484 ἐπιθυμῆσαί
615 4426 685 4469 τινα
709 4409 765 4469 τοῦ
790 4405 885 4484 ἔργου
909 4407 925 4470 1
949 4406 1046 4489 80,1.
