3132 5116
624 399 798 464 ..χρώ

114 589 177 657 ille
201 586 349 657 infinitivi
373 611 457 673 usus,
493 590 547 672 ηιιί
572 591 657 656 solus
681 590 900 656 difficultatem
925 583 1117 656 discriminis
1146 583 1229 655 inter
1252 584 1296 655 in-

116 699 279 763 finitivum
303 705 335 763 et
358 697 469 763 modos
490 697 596 763 finitos
612 697 772 763 statuendi
789 699 931 782 praebet.
978 698 1048 774 Quo
1065 697 1098 762 in
1114 697 1297 762 discrimine

117 805 293 872 statuendo
318 804 394 886 quia
416 804 557 869 nonnulli
583 804 623 868 de
647 806 833 890 pronomine
857 804 1105 870 demonstrativo
1121 803 1296 890 praemisso

116 921 264 977 autnon
288 911 463 996 praemisso
487 913 719 994 cogitaverunt,
744 912 891 995 exempla
915 910 1081 994 disponam
1105 931 1145 975 ao
1160 911 1296 995 primum

119 1019 255 1101 quidem
279 1039 318 1082 ee
341 1019 484 1100 afferam,
509 1018 542 1081 in
567 1019 681 1101 quibus
837 1095 841 1104 Ι

232 1128 264 1206 a)
288 1145 462 1210 pronomen
486 1124 770 1190 demonstrativum
793 1145 856 1188 non
879 1123 1057 1188 antecedit:

235 1234 263 1296 1.
299 1252 403 1316 praes.
428 1231 484 1295 inf.
521 1234 553 1312 α)
577 1239 650 1316 post
672 1251 775 1316 praes,
800 1230 865 1296 ind.
890 1233 940 1294 καί
965 1246 1025 1310 σφι
1048 1232 1107 1309 ἤδη
1133 1213 1298 1310 στείχουσι

119 1340 316 1404 ἐπιτίθενται
340 1339 370 1402 οί
394 1338 637 1417 ἀντιταχθέντες
657 1337 820 1416 Ἑλλήνων
844 1342 909 1402 τιῦν
934 1339 1010 1416 μετά
1035 1339 1184 1417 βασιλέος
1209 1358 1299 1414 γενο-

121 1448 240 1525 μένων,
270 1445 355 1509 ὥστε
380 1447 487 1523 μηκέτι
512 1445 669 1509 δύνασθαι
695 1449 851 1523 βοηθῆσαι
876 1445 923 1507 IX
947 1445 1000 1508 61.
1034 1444 1067 1507 ΙΙ
1092 1445 1143 1508 79.
1176 1445 1222 1509 IV
1245 1445 1299 1508 50.

122 1557 154 1632 β)
179 1558 252 1637 post
269 1551 394 1636 imperf.
419 1553 624 1630 προσιόντων
648 1557 714 1615 τιῦν
735 1551 904 1630 βαρβάρων
920 1553 1002 1629 πρὸς
1019 1552 1076 1629 τάς
1093 1551 1197 1629 πύλας
1215 1551 1300 1615 ὀλοι-

122 1661 265 1738 τρόχους
295 1659 441 1736 ἀπίεσαν,
478 1659 562 1723 ὥστε
593 1660 716 1738 Ξέρξην
751 1659 801 1722 ἐπὶ
837 1660 956 1737 χρόνον
991 1660 1114 1737 συχνόν
1148 1657 1300 1742 ἀπορίῃσι

121 1768 295 1845 ἐνέχεσθαι
319 1766 398 1829 VIII
414 1767 468 1830 52.
493 1768 578 1830 117.
636 1769 667 1847 γ)
690 1772 762 1850 post
786 1786 851 1829 sor.
877 1765 942 1828 ind.
966 1765 1141 1831 ἀπεδέξατο
1166 1766 1199 1842 ές
1224 1767 1300 1842 τοῦς

122 1874 291 1950 ὑπηκόους
314 1873 438 1950 πάντας
462 1874 647 1951 εὐεργεσίας
672 1873 822 1952 μεγάλας,
845 1871 930 1935 ὥστε
954 1871 1178 1949 ἀποθανόντος
1201 1871 1300 1935 αὐτοῦ

125 1981 232 2044 πόθον
256 1979 340 2058 ἔχειν
364 1980 488 2057 πάντας
512 1982 589 2058 τοὺς
613 1981 649 2043 ἐν
672 1986 709 2064 τῇ
735 1978 822 2062 Ἀσίῃ
847 1979 896 2042 III
913 1979 953 2043 67
981 1979 1042 2043 VII
1058 1980 1111 2042 20.

237 2088 268 2150 2.
293 2107 358 2150 eor.
384 2087 439 2150 inf.
476 2089 508 2167 o)
533 2093 605 2170 post
628 2085 752 2171 imperf.
776 2089 843 2149 τιῦν
866 2085 1027 2161 ναυηγίων
1051 2085 1157 2150 πολλὰ
1181 2086 1301 2148 ὑπολα-

13 2277 14 2286 ἵ
131 2195 196 2272 βιίιν
220 2173 339 2271 ἀνέρος
363 2195 503 2272 Ζέφυρος
527 2194 623 2273 έφερε
650 2199 707 2271 τῆς
733 2192 872 2270 Ἀττικῆς
902 2193 952 2255 ἐπὶ
982 2194 1039 2269 τὴν
1068 2193 1162 2270 ἠιόνα
1191 2197 1301 2256 καλεο-

129 2302 228 2379 μένην
254 2300 408 2376 Κωλιάδα,
433 2300 517 2364 ιῖιστε
541 2300 788 2378 ἀποπλησθῆναι
812 2301 870 2362 τὸν
894 2301 1038 2377 χρησμὸν
1062 2299 1120 2362 τόν
1143 2320 1176 2363 τε
1201 2299 1302 2363 ἀλλον

130 2408 235 2470 πάντα
255 2409 315 2470 Ικαί
345 2410 384 2485 δὴ
414 2409 464 2492 κογί
494 2409 573 2471 κατὰ
602 2408 641 2471 τά
670 2409 806 2484 ναυήγια
835 2407 873 2470 τά
902 2405 1001 2489 ταύτῃ
1025 2407 1241 2485 ἐξενειχθέντα
1264 2407 1301 2470 τὸ

130 2515 295 2593 εἰρημένον
319 2515 398 2580 VIII
415 2515 468 2578 96.
488 2515 561 2578 106.
581 2515 654 2577 113.
679 2514 727 2577 IX
746 2514 799 2577 94.
848 2515 878 2594 β)
903 2520 975 2596 post
999 2533 1064 2576 sor.
1089 2511 1154 2576 ind.
1179 2515 1236 2577 τόν
1261 2515 1299 2591 δὴ
1323 2585 1326 2593 ,

130 2622 329 2699 περιάγουσα
352 2621 416 2700 ἅμα
439 2627 524 2685 τοῖσι
547 2623 694 2704 Πέρσῃσι
718 2621 786 2699 ἥλω
810 2625 889 2698 νηῦς
913 2621 932 2698 ἡ
957 2621 1104 2697 Σιδωνίη,
1128 2620 1212 2683 ὥστε
1234 2619 1300 2683 Πυ-

132 2729 206 2806 θέην
230 2727 316 2791 οὕτω
341 2733 484 2806 σωθῆναι
508 2729 542 2805 ές
566 2727 696 2804 Αίγιναν
720 2727 799 2791 VIII
816 2727 869 2790 92.
895 2727 939 2791 VI
959 2727 1009 2790 18.
1035 2726 1096 2790 VII
1116 2727 1189 2790 117.

139 2817 144 2827 ⁶
236 2837 267 2898 3.
292 2835 349 2899 fui.
374 2835 430 2899 ins.
454 2843 526 2919 post
549 2856 615 2898 sor.
640 2835 721 2899 ind:
759 2835 801 2914 (οί
825 2835 945 2914 θεοίλσε
973 2835 1156 2911 ποιήσαντα
1185 2833 1302 2897 ἀνόσια

134 2942 299 3020 ὑπήγαγον
323 2943 356 3020 ές
381 2947 490 3020 χεῖρας
514 2943 572 3020 τάς
603 2943 690 3024 ἐμάς,
727 2941 810 3005 ὥστε
835 2957 873 3004 σε
898 2943 937 3019 μή
963 2943 1141 3020 μέμψεσθαι
1165 2942 1223 3018 τὴν
1247 2941 1301 3005 ἀπ’

135 3049 204 3126 ἐμέο
228 3070 277 3112 τοι
302 3050 460 3127 ἐσομένην
484 3051 574 3127 δίκην
598 3050 677 3113 VIII
696 3051 769 3112 106.

18 3141 19 3164 ’
186 3134 192 3148 ’
237 3157 271 3236 b)
296 3176 470 3240 pronomen
494 3154 778 3220 demonstrativum
802 3155 980 3220 anteoedit:

240 3265 269 3326 1.
293 3283 398 3347 praes.
422 3262 478 3326 inf.
519 3265 551 3342 n)
576 3269 648 3346 post
671 3282 775 3346 praes.
800 3261 865 3325 ind.
897 3262 1072 3346 (ἀμπελίνῳ
1097 3264 1221 3346 καρπῷ)
1244 3263 1289 3340 έμ

135 3370 322 3448 πιπλάμενοι
361 3371 511 3448 μαίνεσθε
549 3369 635 3432 οὕτω
668 3369 752 3432 ὥστε
786 3369 952 3446 κατιόντος
985 3373 1043 3432 τοῦ
1077 3368 1167 3433 οίνου
1199 3370 1233 3446 ἐς
1267 3370 1303 3432 τὸ

137 3479 225 3555 σῶμα
253 3477 466 3540 ἐπαναπλέειν
495 3477 568 3554 ὑμῖν
600 3475 678 3538 ἔπεα
706 3475 786 3538 κακά
816 3476 929 3538 1212.
989 3478 1019 3555 β)
1053 3482 1125 3560 post
1149 3496 1213 3539 aer.
1238 3475 1304 3538 ind,

137 3585 297 3660 προείδετε
320 3583 427 3661 ἡμέων
451 3582 736 3661 οἰκοφθορημένων
760 3580 845 3646 οὕτω
875 3580 959 3644 ὥστε
989 3581 1156 3659 ἐπιθρέψαι
1185 3582 1305 3648 ἐθέλειν

136 3689 238 3766 ἡμέων
262 3690 339 3766 τοὺς
364 3689 488 3766 οἰκέτας
512 3689 593 3753 VIII
619 3690 692 3752 144.

239 3796 271 3861 2.
296 3816 362 3859 sor.
387 3794 443 3858 inf.
480 3798 512 3875 n)
537 3802 609 3879 post
624 3815 728 3879 praes.
746 3794 811 3858 ind.
836 3799 921 3858 τοῖσι
934 3796 1109 3858 Δεκελεῦσι
1126 3796 1161 3858 ἐν
1174 3795 1304 3879 Σπάρτῃ

138 3901 198 3966 ἀπό
221 3902 338 3966 τούτου
362 3907 419 3966 τοῦ
444 3903 539 3980 ἐργου
564 3902 688 3980 ἀτελείη
713 3923 747 3966 τε
771 3904 821 3965 καί
843 3903 994 3980 προεδρίη
1013 3903 1164 3965 διατελέει
1181 3902 1214 3979 ές
1231 3902 1306 3966 τόδε

140 4009 194 4072 αἰεί
217 4009 262 4073 ἔτι
287 4010 388 4072 ἐοῦσα
412 4008 497 4072 οὕτω
522 4008 606 4073 ὥστε
630 4011 680 4072 καὶ
705 4010 738 4086 ἐς
762 4011 820 4072 τὸν
844 4010 986 4088 πόλεμον
1013 4009 1069 4072 τὸν
1093 4007 1230 4087 ὕστερον
1253 4030 1305 4085 γε-

140 4116 271 4193 νόμενον
295 4117 455 4193 Δεκελέης
479 4116 682 4195 ἀποσχέσθαι
707 4117 753 4179 IX
779 4116 831 4180 73.
880 4120 909 4197 β)
933 4123 1005 4201 post
1028 4116 1152 4200 imperf.
1177 4117 1207 4180 0‘r
1223 4117 1306 4195 Πέρ-

141 4237 190 4285 σαι
212 4223 350 4287 ἀπίεσαν
373 4227 439 4287 τῶν
463 4224 665 4302 τοξευμάτων
689 4224 794 4287 πολλὰ
818 4223 986 4302 ἀφειδέως,
1022 4222 1108 4286 οὕτω
1136 4223 1220 4287 ὥστε
1249 4225 1306 4288 τὸν

140 4329 325 4408 Παυσανίην
349 4330 598 4394 ἐπικαλέσασθαι
622 4332 681 4408 τὴν
705 4331 780 4393 θεόν
810 4330 858 4392 IX
882 4330 935 4393 61.
962 4331 1012 4394 70.
1070 4331 1103 4409 I)
1138 4337 1212 4414 post
1240 4351 1306 4394 sor.

141 4435 199 4499 ind.
224 4437 360 4514 τούτους
384 4436 431 4500 ὧν
456 4437 488 4501 αί
512 4459 545 4501 τε
570 4439 709 4517 φυλακαὶ
733 4441 798 4500 τῶν
823 4438 1003 4500 Θεσσαλιῦν
1026 4440 1149 4514 πριῦται
1180 4437 1306 4500 ἰδοῦσαι

446 4549 448 4554 “
1094 4543 1111 4594 2
