3132 5116
725 373 900 438 ⁵58.-

227 564 285 630 νῦν
310 567 344 630 δέ
368 561 427 630 κάν
451 567 558 645 τυχεῖν
586 565 704 643 αὐτοὺς
730 562 918 642 Ἀθηναίους
954 566 993 644 μὴ
1031 560 1246 644 βουληθέντας
1282 558 1398 641 ἀγωνί-

226 679 344 749 Ζεσθαι,
380 673 464 737 ὥστε
499 672 612 751 ἀμαχεὶ
642 673 681 735 ἀν
710 673 931 750 περιγενέσθαι
967 672 1077 749 αὐτοῖς
1102 671 1148 735 ὧν
1173 672 1264 736 ἕνεκα
1288 671 1399 749 ἦλθον.

227 781 329 845 Τλιιο.
355 781 400 844 IV
426 781 477 862 73,
494 780 525 843 3.
572 781 644 843 Hac
678 779 801 843 ratione
837 778 991 862 explicari
1021 799 1115 862 posse
1144 778 1222 842 inihi
1252 778 1400 842 videntur·

227 887 336 951 ctianr:
360 888 461 951 ἱκανοὶ
485 887 545 965 γάρ
570 886 660 950 αὐτοὶ
685 886 824 963 οἰόμενοι
848 885 928 949 εἶναι
953 885 1017 963 άμα
1037 883 1064 949 τ’
1082 887 1122 949 ἀν
1139 885 1257 964 ἐμαθον
1273 886 1399 964 ἥσσους

227 993 319 1070 ὄντες
344 995 394 1057 καὶ
417 993 710 1072 ἀποτετειχισμένον
740 993 780 1056 ἂν
809 992 900 1070 ἦσαν,
925 991 1009 1055 ὥστε
1040 991 1111 1069 μηδ’
1142 993 1168 1056 εἰ
1196 993 1400 1071 μετέπεμψαν

227 1101 272 1164 ἐτι
296 1101 416 1179 ὁμοίως
441 1101 481 1164 ἂν
505 1101 624 1176 αὐτοὺς
649 1099 797 1178 ὠφελεῖν.
822 1099 923 1164 Thue.
949 1100 1011 1163 VII
1034 1095 1088 1181 42,
1106 1100 1136 1162 3.
1187 1101 1278 1164 Haec
1302 1100 1400 1163 verba

227 1228 268 1272 ex
292 1209 448 1271 sententia
460 1207 684 1271 Demosthenis
708 1205 796 1270 dicta
820 1226 899 1288 esse,
925 1205 1142 1270 demonstrant
1167 1226 1247 1288 quae
1267 1226 1400 1288 sequun-

228 1317 292 1378 tur:
318 1318 418 1378 ταῦτα
442 1313 501 1377 οὖν
523 1313 721 1386 ιἀνασκοπιῖιν
745 1313 994 1391 ὁΔημοσθένης
1019 1313 1170 1392 ἐβούλετο
1199 1313 1217 1376 ό
1245 1336 1273 1377 τι
1301 1313 1399 1392 τάχος

227 1421 475 1500 ἀποχρήσασθαι
498 1427 535 1504 τῇ
560 1420 710 1503 παρούσῃ
734 1421 889 1498 ἐκπλήξει.
937 1426 1117 1504 praeterea:
1143 1421 1169 1483 εἰ
1185 1421 1220 1483 δέ
1236 1441 1283 1497 τις
1301 1419 1400 1483 οἴεται

227 1529 326 1592 αὐτὸν
362 1529 546 1606 ἐλέγχεσθαι
582 1529 653 1605 περὶ
688 1531 746 1590 τοῦ
782 1529 948 1605 δαιμονίου
978 1528 1188 1604 ψευδόμενον,
1212 1527 1399 1604 ἐννοησάτω

226 1639 356 1713 πρῶτον
381 1637 437 1713 μὲν
461 1634 510 1698 ότι
534 1634 638 1712 οὕτως
663 1635 722 1712 ἤδη
747 1635 820 1698 τότε
849 1635 961 1713 πόρρω
996 1639 1052 1713 τῆς
1083 1635 1205 1712 ἡλικίας
1236 1633 1284 1711 ἦν,
1320 1631 1397 1696 ὥστ’

227 1743 254 1807 εἰ
281 1745 331 1806 καῖ
356 1744 395 1820 μὴ
420 1743 493 1805 τότε
521 1741 580 1804 οὐκ
609 1742 649 1805 ἀν
684 1746 794 1826 πολλῷ
830 1741 968 1820 ὕστερον
1003 1746 1190 1820 τελευτῆσαι
1226 1743 1283 1804 τόν
1319 1742 1398 1819 βίον.

228 1849 321 1932 [Xen.
340 1849 459 1913 Oomm.
483 1849 528 1912 IV
546 1849 576 1931 8,
596 1848 636 1931 1.]
676 1849 854 1913 Infinitivus
877 1869 934 1932 pro
959 1847 1134 1912 indicativo
1151 1849 1261 1912 aoristi
1277 1848 1400 1931 positus

228 1963 285 2038 est,
311 1957 386 2038 quia
409 1956 566 2020 sententia
589 1955 782 2020 antecedens
806 1955 925 2040 pendet
948 1957 989 2020 ab
1014 1957 1201 2033 ἐννοησάτω
1225 1955 1283 2018 ότι.

335 2063 501 2129 Nonnullis
525 2063 603 2127 locis
627 2062 667 2126 ἀν
691 2064 848 2146 particula
872 2065 904 2126 in
928 2064 1085 2126 sententia
1109 2061 1318 2127 antecedente
1346 2082 1400 2145 po-

229 2171 291 2235 sita
311 2169 456 2234 effecisse
473 2168 608 2250 videtur,
633 2176 667 2232 ut
691 2171 787 2233 etiam
811 2170 964 2233 infinitivo
982 2169 1158 2234 sententiae
1175 2170 1400 2233 consecutivae

229 2276 269 2340 ἀν
293 2274 478 2341 adderetur:

336 2382 464 2460 ἀγῶνας
489 2383 529 2447 ἀν
545 2385 592 2460 τίς
610 2403 661 2461 μοι
678 2388 765 2446 δοκεῖ
781 2385 946 2461 προειπὼν
966 2383 1113 2460 ἑκάστοις
1130 2385 1180 2446 καὶ
1197 2382 1278 2447 ἆθλα
1294 2403 1400 2460 προτι-

230 2492 295 2567 θεὶς
320 2487 444 2568 μάλιστ’
470 2490 510 2553 ἀν
534 2495 638 2553 ποιεῖν
662 2489 697 2552 εὖ
721 2490 889 2554 ἀσκεῖσθαι
912 2490 1039 2566 ἕκαστα,
1064 2489 1148 2554 ὥστε
1172 2490 1270 2554 ὁπότε
1295 2491 1399 2554 δέοιτο

230 2597 313 2675 ἐχειν
338 2597 377 2660 άν
401 2597 716 2675 παρεσκευασμένοις
741 2601 876 2675 χρῆσθαι
901 2597 983 2660 Χου.
1009 2598 1082 2681 Cyr.
1107 2598 1122 2659 I
1147 2598 1177 2680 6,
1197 2597 1248 2661 18.
1284 2599 1334 2660 καὶ
1356 2597 1398 2660 αἰ-

229 2708 306 2781 δοθς
331 2705 370 2767 άν
394 2705 502 2781 ἡγεῖτο
527 2708 649 2782 μάλλον
679 2703 803 2780 πάντας
832 2704 1055 2782 ἐμπιμπλάναι,
1084 2705 1111 2767 εἰ
1134 2704 1232 2781 αὐτὸς
1256 2706 1399 2784 φανερὸς

229 2811 275 2888 εἴη
300 2811 423 2887 πάντας
448 2810 553 2888 οὕτως
578 2811 776 2889 αἰδούμενος,
805 2811 850 2888 ὡς
875 2809 943 2889 μήτ’
969 2811 1070 2874 εἰπεῖν
1099 2811 1139 2874 ἀν
1168 2813 1243 2889 μήτε
1267 2816 1399 2889 ποιῆσαι

228 2920 326 2996 μηδὲν
350 2918 493 2997 αἰσχρόν.
520 2918 600 2981 Χου.
625 2917 698 3001 Oyr.
724 2919 803 2981 VIII
830 2922 857 2999 1,
875 2919 928 2982 nt.

336 3025 372 3089 In
396 3025 497 3090 Thuc.
523 3024 670 3106 1149,5
705 3026 743 3087 τὰ
774 3027 809 3088 δέ
838 3026 930 3102 ἐντὸς
955 3024 1059 3102 οὕτως
1084 3025 1194 3089 ἐκάετο
1219 3025 1304 3089 ὥστε
1328 3022 1398 3103 μηδ’

228 3131 308 3195 ἀλλο
332 3153 361 3194 τι
385 3133 403 3209 ἢ
427 3133 540 3209 γυμνοὶ
565 3131 743 3210 ἀνέχεσθαι,
767 3133 882 3210 ἥδιστά
906 3154 940 3196 τε
956 3133 996 3196 ἀν
1013 3133 1046 3210 ἐς
1063 3132 1151 3212 ὕδωρ
1167 3134 1293 3211 ψυχρὸν
1310 3135 1399 3211 σφᾶς

228 3239 346 3315 αὐτοὺς
371 3238 491 3316 ῥίπτειν
516 3237 690 3302 infinitivus
720 3238 890 3317 ἀνέχεσθαι
927 3260 1024 3304 causa
1048 3240 1144 3303 fuisse
1172 3239 1309 3322 videtur,
1346 3260 1400 3304 cur

228 3346 343 3423 ἥδιστα
368 3346 407 3409 ἀν
432 3345 553 3423 ῥίπτειν
576 3350 746 3428 poneretur
769 3366 826 3428 pro
851 3347 966 3424 ἥδιστα
990 3347 1030 3410 ἀν
1054 3346 1214 3425 ἐῤῥιπτον.

336 3451 501 3529 Quomodo
531 3457 637 3515 autem
667 3451 822 3536 explicari
857 3454 980 3536 possint
1009 3453 1090 3518 haec
1121 3474 1203 3535 quac
1227 3460 1400 3535 sequuntur·

229 3560 385 3643 exempla,
411 3557 558 3640 equidem
582 3579 645 3622 non
669 3558 776 3623 video:

335 3667 385 3729 καί
410 3686 461 3744 μοι
486 3666 515 3728 οἱ
539 3668 605 3729 θεοὶ
630 3664 734 3743 οὕτως
759 3667 794 3729 ἐν
817 3671 886 3743 τοῖς
910 3667 1008 3744 ἱεροῖς
1037 3668 1201 3746 ἐσήμηναν
1230 3670 1314 3731 ὥστε
1350 3669 1399 3730 καὶ

229 3773 358 3851 ἰδιώτην
389 3773 429 3836 άν
453 3777 581 3848 γνῶναι,
611 3773 659 3836 ότι
687 3779 744 3850 τῆς
775 3775 949 3852 μοναρχίας
974 3774 1149 3853 ἀπέχεσθαί
1173 3797 1210 3853 με
1234 3779 1282 3838 δεῖ
1317 3775 1398 3838 Χου.

228 3879 331 3944 Anat).
357 3881 402 3944 VI
428 3881 457 3961 1,
475 3880 527 3943 31.
575 3882 625 3943 καὶ
660 3881 720 3958 γὰρ
755 3881 875 3958 ἤκουον
902 3886 959 3944 τοῖι
990 3882 1157 3946 Διονύσου
1193 3885 1249 3961 μὲν
1284 3883 1400 3960 ἐπερω-

228 3990 351 4063 τῶντος
375 3986 483 4064 αὐτὴν,
508 3987 534 4050 εἰ
547 3991 634 4066 φιλεῖ
658 3988 765 4063 αὐτὸν,
789 3993 845 4066 τῆς
875 3985 902 4050 δ’
928 3988 1033 4066 οὕτως
1058 3989 1292 4067 ἐπομνυοόσης,
1317 3992 1400 4053 ὥστε

229 4095 269 4171 μὴ
294 4094 394 4171 μόνον
417 4095 475 4156 τόν
500 4095 675 4169 Διόνυσον,
699 4093 780 4157 ἀλλὰ
803 4097 853 4158 καὶ
869 4097 945 4172 τοὺς
962 4097 1126 4174 παρόντας
1144 4096 1289 4174 ἅπαντας
1307 4112 1400 4160 συνο-

229 4201 325 4278 μόσαι
350 4201 389 4263 ἂν
413 4200 432 4278 ἦ
457 4202 518 4278 μὴν
541 4202 598 4264 τὸν
622 4205 721 4264 παῖδα
745 4203 795 4265 καὶ
824 4203 881 4278 τὴν
910 4207 1009 4265 παῖδα
1039 4200 1092 4266 ὑπ’
1123 4203 1274 4280 ἀλλήλων
1302 4208 1400 4283 φιλεῖ-

229 4313 303 4371 σθαι
328 4308 410 4370 Xen.
436 4306 534 4370 Oonv.
559 4308 590 4389 9,
608 4308 638 4370 6.
677 4309 810 4385 Πέρσας
827 4308 951 4385 πάντας
968 4314 1180 4387 παρακαλεῖτε
1196 4317 1398 4388 συνησθησο

229 4414 345 4497 μένους
371 4415 438 4493 ἐμοὶ
464 4413 511 4478 ὅτι
536 4414 639 4500 ἐντῷ
663 4413 806 4494 ἀσφαλεῖ
840 4416 900 4493 ἤδη
937 4415 1058 4495 ἐσομαι,
1089 4417 1133 4495 ὡς
1163 4419 1260 4500 μηδὲν
1291 4417 1399 4484 ἂνέτι
