3132 5116
743 349 919 416 ⁸42„

243 537 274 627 4,
292 539 322 610 3.
371 539 539 625 βαθύτεραι
563 539 728 625 φάλαγγες
744 545 763 622 ἢ
781 544 826 622 ῶς
850 545 1038 610 ἐξικνεῖσθαι
1063 539 1136 629 Cyn.
1154 538 1201 609 VI
1217 538 1247 628 3,
1265 541 1316 608 22.
1345 543 1419 624 βρα-

243 654 360 733 χύτερα
387 654 553 731 ἠκόντιζον
589 655 607 730 ἢ
644 653 689 730 ῶς
719 654 907 718 ἐξικνεῖσθαι
947 653 1049 717 Anab.
1079 653 1130 717 III
1158 654 1189 736 3,
1208 653 1238 716 ί.
1285 657 1418 732 μεγαλα

243 762 463 840 πρεπέστερον
492 761 511 839 ἢ
542 760 587 837 ῶς
612 765 825 838 προσδεῖσθαι
850 760 969 825 Οοιιιιιι.
995 760 1011 822 Ι
1034 761 1136 842 4,1θ.
1184 759 1298 824 eadem
1321 759 1418 842 signi-

243 867 349 932 ficatio
384 867 467 931 inest
501 867 652 951 positivo:
690 867 792 943 ὀλίγοι
822 868 918 944 ἐσμὲν
947 867 991 944 ῶς
1016 867 1179 944 ἐγκρατεῖς
1204 865 1284 930 εἶναι
1309 867 1418 930 αὐτῶν

244 975 317 1059 Cyn.
344 975 389 1038 IV
406 974 437 1056 5,
457 976 508 1038 16.

351 1086 381 1162 c)
406 1081 564 1146 sententia
588 1081 781 1146 antecedens
797 1081 895 1146 verba
912 1087 967 1157 δεῖ,
991 1083 1050 1160 χρή
1068 1081 1223 1146 continet:
1248 1083 1306 1145 τὸν
1323 1081 1417 1159 ῥυτο-

243 1189 350 1266 γωγέα
373 1191 432 1267 χρὴ
458 1189 502 1266 εἰς
526 1191 583 1266 τὴν
608 1188 780 1267 ἀριστεράν
804 1193 894 1267 χεῖρα
919 1193 1037 1267 λαβεῖν,
1073 1191 1124 1252 καὶ
1153 1187 1240 1252 οὕτω
1264 1188 1417 1266 χαλαρὸν,

244 1297 289 1374 ῶς
313 1298 353 1375 μὴ
379 1299 464 1358 σπάν
489 1297 546 1360 τὸν
568 1295 669 1359 ἵππον
694 1296 732 1360 R.
758 1316 828 1377 eqn.
855 1297 884 1378 ί,
904 1297 933 1358 1.
968 1298 1017 1377 12,
1036 1297 1066 1359 θ.
1125 1296 1416 1374 συντεκμαιρομένη

245 1403 326 1466 ὅσον
361 1402 424 1465 έδει
453 1403 577 1480 ῥιπτεῖν
601 1402 686 1480 ὕψος
717 1403 762 1480 ῶς
798 1403 832 1465 ἐν
863 1403 971 1486 ῥυθμῷ
1002 1404 1149 1481 δέχεσθαι
1174 1402 1292 1479 αὐτούς
1317 1403 1417 1467 Οουν.

244 1511 275 1591 2,
293 1510 323 1573 8.
356 1509 444 1573 Hier.
469 1510 571 1590 6,11.

352 1615 386 1697 ά)
411 1616 568 1680 sententia
592 1615 785 1680 antecedens
810 1616 940 1680 verbum
970 1616 1072 1682 ἐξεστι
1098 1617 1252 1681 continet:
1279 1619 1328 1679 καὶ
1351 1617 1418 1679 κλέ-

244 1745 303 1802 ψαι
328 1723 386 1786 οὐκ
409 1721 569 1786 ἀδύνατόν
594 1744 646 1801 μοι
665 1728 756 1786 μδοκεῖ
781 1722 869 1799 εἶναι,
894 1724 966 1789 ἐξὸν
990 1725 1047 1802 μὲν
1071 1725 1186 1800 νυκτὸς
1211 1723 1289 1787 ἰέναι
1314 1723 1359 1800 ῶς
1377 1725 1417 1801 μὴ

244 1830 389 1908 ὁρᾶσθαι,
414 1831 485 1894 ἐξὸν
510 1832 545 1892 δὲ
569 1829 720 1893 ἀπελθεῖν
744 1834 904 1894 τοσοῦτον
940 1831 985 1908 ῶς
1022 1833 1061 1908 μὴ
1092 1830 1243 1907 αἴσθησιν
1267 1831 1418 1908 παρέχειν

245 1937 347 2001 Anab.
373 1936 418 1999 IV
442 1937 473 2016 6,
498 1937 548 2000 13.

354 2046 384 2124 c)
409 2043 581 2108 infinitivus
604 2064 671 2107 reni
695 2045 843 2127 exprimit
867 2063 949 2126 quae
973 2043 1124 2126 consequi
1159 2042 1260 2128 pessit
1289 2043 1339 2108 vel
1363 2063 1418 2134 pn-

247 2152 354 2215 tuenit:
380 2151 485 2214 πάντα
508 2151 600 2214 ἱκανὰ
616 2157 784 2229 προσῆγον
801 2152 845 2229 ῶς
863 2157 1031 2230 δειπνῆσαι
1048 2155 1157 2216 πάσαν
1172 2154 1231 2229 τὴν
1247 2151 1309 2214 σὺν
1327 2150 1417 2234 Κύρῳ

247 2259 402 2336 στρατιάν
426 2259 500 2341 Cyn.
525 2258 554 2321 V
577 2260 606 2333 2,
629 2259 659 2322 5.
696 2258 778 2322 Hell.
804 2259 850 2322 VI
876 2261 902 2335 1,
921 2259 971 2322 13.
1019 2259 1069 2322 καὶ
1099 2259 1158 2336 γάρ
1192 2257 1294 2335 ἀγαθή
1329 2258 1417 2320 ἐστιν

153 2372 157 2380 ’
246 2367 346 2444 ἡμέρα
370 2365 415 2442 ῶς
440 2365 554 2443 ἀρετῆς
580 2363 733 2443 ἄρχεσθαι
764 2365 840 2430 Oec.
868 2367 917 2447 11,
936 2366 966 2430 6.
1013 2366 1070 2442 τὰς
1091 2366 1223 2443 πορείας
1241 2363 1326 2428 οὕτω
1343 2370 1416 2443 βρα-

246 2474 333 2551 χείας
357 2476 525 2535 ποιοῦνται
549 2472 594 2549 ῶς
618 2470 726 2550 μηδέν’
752 2473 791 2535 άν
815 2473 860 2536 έτι
889 2472 1049 2551 θαυμάσαι
1082 2474 1119 2536 τὸ
1149 2472 1323 2550 ἀπέχεσθαι
1352 2475 1417 2535 τῶν

246 2579 437 2655 ἀναγκαίων.
463 2579 548 2663 [Cyn.
573 2578 654 2643 VIII
678 2579 708 2660 8,
729 2579 790 2661 11.]
816 2581 859 2659 (ν.
883 2601 916 2663 p.
934 2579 1001 2660 59.)

352 2685 531 2750 Infinitivus
554 2705 620 2749 rein
646 2687 794 2770 exprimit
817 2707 899 2769 quae
921 2707 1033 2751 revera
1057 2686 1261 2768 consequitur
1278 2686 1329 2751 vel
1346 2706 1417 2750 ccn·

244 2799 353 2857 secuta
377 2799 439 2856 est:
476 2792 689 2871 ἐνετύγχανον
713 2794 850 2872 τάφροις
874 2796 925 2856 καὶ
949 2795 1093 2857 αὐλῶσιν
1117 2793 1235 2870 ὕδατος
1260 2795 1416 2872 πλήρεσιν

245 2901 290 2977 ῶς
329 2901 369 2978 μὴ
405 2900 561 2964 δύνασθαι
597 2902 770 2979 διαβαίνειν
806 2899 881 2964 ἄνευ
917 2905 1068 2979 γεφυρῶν
1114 2900 1218 2964 Anab.
1248 2901 1282 2963 II
1315 2901 1345 2983 3,
1365 2903 1415 2964 10.

246 3008 405 3085 Κλέαρχος
430 3008 559 3073 ἐκόλαζε
584 3007 732 3085 ἰσχυρῶς,
757 3010 807 3071 καὶ
831 3008 910 3092 ὀργῇ
935 3009 1047 3090 ἐνίοτε,
1072 3008 1118 3085 ῶς
1142 3009 1192 3071 καὶ
1217 3008 1303 3092 αὐτῷ
1326 3029 1416 3086 μετα-

245 3115 351 3192 μέλειν
375 3111 442 3176 ἐσθ’
468 3112 522 3176 ὅτε
545 3113 648 3177 Anah.
674 3115 707 3176 II
730 3115 761 3196 6,
779 3115 809 3179 9.
857 3114 875 3177 ὁ
900 3116 1043 3192 ποταμὸς
1067 3118 1227 3191 τοσοῦτος
1252 3115 1289 3178 τὸ
1319 3115 1416 3192 βάθος

245 3222 290 3298 ῶς
315 3222 393 3300 μηδὲ
415 3221 455 3283 τά
479 3222 600 3299 δόρατα
635 3222 800 3299 ὑπερέχειν
835 3223 1045 3300 πειρωμένοις
1075 3225 1132 3285 τοῦ
1165 3221 1283 3300 βάθους
1314 3220 1415 3284 Anah.

246 3329 297 3390 III
320 3327 351 3408 5,
370 3329 399 3391 ί.
1085 3316 1088 3324 ’

353 3434 418 3500 Sed
441 3455 505 3498 ncn
528 3435 629 3500 solum
659 3455 731 3499 cum
754 3434 920 3518 infinitivo,
956 3437 1053 3499 etiam
1089 3454 1160 3499 cunn
1189 3435 1293 3500 incdis
1322 3434 1416 3498 finitis

247 3541 448 3607 coniunctum
478 3543 523 3620 ῶς
552 3544 799 3625 consecutivum,
836 3542 1045 3607 antecedente
1079 3542 1265 3627 prenomine
1289 3543 1340 3608 vel
1364 3541 1416 3606 ad-

246 3650 355 3715 verbio
380 3648 639 3732 demonstrative,
664 3670 726 3713 n0n
750 3650 795 3713 ita
819 3670 890 3713 nanc
914 3649 1082 3714 invenitur.

355 3758 383 3821 1.
408 3776 512 3841 praes.
536 3755 602 3819 ind.
649 3757 712 3833 ἐγῶ
736 3755 822 3820 ούτω
847 3756 951 3820 πολλὰ
976 3757 1038 3835 έχω
1063 3756 1108 3833 ῶς
1139 3757 1229 3834 μόλις
1258 3757 1339 3820 αὐτὰ
1367 3758 1416 3819 καὶ

246 3865 309 3941 ἐγὼ
326 3864 423 3941 αὐτὸς
441 3864 577 3941 εὑρίσκω
603 3863 701 3928 Ocnv.
725 3865 756 3946 4,
774 3865 827 3928 37.
860 3864 933 3947 Cyn.
959 3864 987 3927 V
1010 3864 1112 3945 4,11.
1145 3865 1228 3928 Ηοίί.
1246 3865 1291 3928 IV
1318 3865 1347 3947 1,
1364 3864 1415 3928 33.

246 3972 293 4035 VI
319 3974 347 4054 1,
367 3972 417 4035 15.
451 3971 549 4035 Ocnv.
575 3971 605 4053 8,
623 3970 676 4034 35.
709 3970 747 4034 R.
766 3991 837 4052 eqn.
858 3973 907 4052 11,
926 3971 956 4034 9.

352 4079 383 4142 2.
408 4078 532 4162 imperf.
567 4079 643 4155 τοὺς
669 4077 936 4156 Λακεδαιμονίους
972 4075 1076 4154 οὕτως
1107 4078 1137 4140 οἱ
1160 4079 1335 4141 πελτασταὶ
1359 4077 1416 4140 ὤκ-

246 4205 324 4248 νουν
349 4185 394 4262 ῶς
418 4185 510 4261 ἐντὸς
535 4183 768 4262 ἀκοντίσματος
793 4185 831 4247 οὐ
856 4191 1028 4267 προσῇσαν
1053 4189 1122 4262 τοῖς
1153 4184 1298 4262 ὁπλίταις
1334 4185 1415 4248 Ηοίί.

246 4292 292 4355 IV
315 4292 346 4374 4,
366 4292 417 4354 16.
450 4291 524 4375 Oyr.
541 4291 623 4354 VIII
638 4291 668 4366 6,
686 4292 739 4354 23.
772 4291 870 4373 Ages.
887 4292 918 4372 3,
936 4293 967 4354 2.

353 4400 384 4466 3.
409 4420 474 4462 τοι.
499 4399 563 4462 ind.
611 4397 696 4462 οὕτω
726 4400 843 4477 τελέως
873 4399 891 4462 ὁ
921 4398 1002 4477 ἀνὴρ
1032 4405 1069 4483 τῇ
1098 4400 1224 4478 πατρίδι
1254 4398 1415 4478 ὠφέλιμος
