3132 5116
614 413 787 480 βιβᾷ..

93 598 265 684 ἐξευρεῖν.
290 601 374 670 ὥστε
399 605 506 684 μέντοι
530 605 684 685 ὑπάρχειν
708 607 921 686 δημοκρατίαν
946 605 1002 686 μὲν
1027 599 1115 683 εἶναι,
1152 601 1285 686 άρκοάν-

91 732 165 790 τως
197 716 235 778 δὲ
259 718 355 778 τοῦτο
379 716 518 793 ἐξευρεῖν
543 715 581 777 οὐ
607 715 719 797 ῥᾴδιον
743 715 826 778 Xen.
852 715 913 798 Rp.
938 714 1014 778 Ath.
1039 716 1070 797 3,
1088 715 1119 779 9.
1166 715 1212 792 ὡς
1229 717 1285 793 μὲν

93 820 136 896 δὴ
169 824 216 899 μὴ
242 822 438 900 βλάπτεσθαι
467 826 551 886 θεῶν
575 821 672 885 ἵλεων
696 821 801 885 όντων
825 826 925 885 ταῦτα
950 821 1043 886 ὅπλα.
1090 822 1135 900 ὡς
1158 824 1193 886 δὲ
1208 823 1286 899 τοὺς
1388 893 1393 900 ,

93 926 279 1006 ἐναντίους
305 929 464 1008 βλάπτειν,
501 929 657 1008 μάχαιραν
681 931 738 1008 μὲν
768 933 890 1008 μᾶλλον
918 931 937 1007 ἢ
962 929 1055 1008 ξίφος
1083 930 1286 1008 ἐπαινοῦμεν.

95 1033 195 1098 Xen.
220 1036 259 1099 R.
284 1055 355 1116 eqU.
383 1037 504 1119 12,11.

219 1143 379 1226 Persaepc
403 1144 499 1207 etiarn
522 1143 711 1207 infinitivum
742 1143 867 1207 finalem
903 1142 1108 1207 interclusum
1143 1143 1288 1207 videmus

97 1251 218 1314 verbis
242 1251 429 1332 sententiae,
453 1271 473 1313 a
497 1271 560 1332 qua
583 1249 711 1334 pendet,
737 1249 822 1332 qued
845 1251 878 1313 in
894 1250 1059 1316 sententiis
1077 1251 1288 1316 consecutivis

100 1353 236 1422 duobus
259 1359 338 1422 locis
362 1359 506 1441 exceptis
530 1358 673 1441 (Δαρείῳ
697 1358 870 1435 ἐξαγγέλθη
894 1359 952 1421 τόν
977 1357 1118 1435 ἡγεμόνα
1138 1359 1287 1434 γενέσθαι

100 1467 169 1541 τῆς
194 1469 355 1543 συλλογῆς
381 1463 465 1528 ὥστε
488 1469 588 1528 ταῦτα
611 1470 858 1543 συνυφανθῆναι
883 1466 940 1528 τόν
965 1466 1128 1542 Μιλήσιον
1144 1464 1287 1543 Ἀριστα-

102 1570 213 1648 γόρην
237 1572 313 1635 Ηοτ.
338 1571 367 1636 V
393 1571 466 1635 105.
515 1574 563 1649 δὶς
593 1573 654 1650 γὰρ
679 1574 735 1636 τόν
760 1572 868 1648 αὐτόν,
893 1571 979 1635 ὥστε
997 1573 1047 1634 καὶ
1064 1573 1205 1648 κτείνειν,
1230 1573 1288 1635 οὐκ

104 1676 319 1757 ἐπελάμβανε.
344 1677 446 1742 Thuc.
469 1679 503 1741 Π
527 1678 580 1760 51,
598 1679 642 1758 6.)
666 1699 729 1742 non
753 1679 877 1743 inveni:

220 1787 372 1864 χρήματα,
407 1783 483 1849 ὥστ’
520 1786 603 1864 ἔχειν
632 1787 666 1863 ές
695 1786 784 1862 αὐτά,
814 1786 947 1865 οἴσομεν
994 1785 1097 1850 Thuc.
1122 1786 1139 1848 I
1165 1787 1237 1868 121,
1255 1786 1286 1849 ό.

106 1890 162 1955 VI
183 1893 236 1974 90,
253 1893 284 1955 4.
328 1893 392 1957 VH
417 1894 469 1974 71,
486 1892 517 1956 5.
576 1892 967 1976 Xen.0yr.1112‚1s.
1026 1894 1176 1976 ῂμέντοι
1202 1893 1286 1957 ὥστε

108 2003 213 2062 ταῦτα
240 2001 404 2077 γίγνεσθαι
434 2001 666 2078 ἐμηχανήσατο,
702 2002 752 2064 καὶ
776 2005 872 2064 τοῦτο
897 2002 996 2064 καλὸν
1020 2003 1061 2078 μὴ
1085 2005 1286 2079 παραλιπεῖν.

111 2105 197 2170 Xen.
221 2107 283 2191 Rp.
308 2107 386 2172 Lac.
412 2109 442 2190 9,
468 2109 499 2171 3.

221 2215 258 2277 In
282 2215 386 2278 lecum
410 2214 558 2280 infinitivi
581 2214 685 2279 finalis
708 2213 794 2278 modi
818 2213 899 2279 finiti
924 2234 995 2279 curn
1020 2213 1106 2277 ὥστε
1129 2214 1287 2298 particula

115 2322 276 2386 coniuncti
299 2342 363 2385 nen
375 2321 560 2404 succedunt,
585 2321 732 2385 nirnirurn
749 2323 824 2402 quia
839 2321 1013 2386 infinitivus
1037 2322 1077 2385 ab
1102 2321 1164 2385 illis
1181 2322 1288 2387 verbis

115 2428 283 2509 efficiendi,
308 2429 511 2512 decernendi,
537 2428 767 2512 commovendi,
790 2428 991 2512 prohibendi,
1013 2428 1199 2513 paciscendi
1222 2449 1286 2492 nen

116 2537 217 2600 minus
240 2536 368 2620 pendet,
394 2537 420 2600 si
444 2538 529 2600 ὥστε
554 2537 690 2619 ponitur,
716 2536 861 2617 quamsi
886 2534 991 2617 deest,
1017 2536 1162 2600 absolute
1178 2542 1285 2600 autern

116 2650 284 2728 usurpatus
318 2665 381 2708 nen
417 2664 483 2708 rem
518 2643 677 2728 exprimit,
714 2663 795 2724 quae
825 2663 859 2707 rc
888 2663 965 2708 vcra
995 2648 1206 2725 consequatur
1237 2642 1287 2707 vcl

116 2757 287 2816 consecuta
310 2751 361 2815 sit.

219 2859 385 2942 Perpauca
409 2859 556 2942 exempla
579 2859 611 2921 in
635 2858 765 2922 dubium
790 2859 898 2922 vecari
922 2863 1068 2940 possunt:

221 2967 382 3046 Ξενοφῶν
412 2969 521 3030 δὲκαὶ
547 2967 743 3045 Χειρίσοφος
775 2965 984 3043 διεπράξαντο
1016 2964 1100 3028 ὥστε
1131 2965 1286 3044 λαβόντες

115 3076 190 3152 τοὺς
227 3077 358 3153 νεκροὺς
395 3075 561 3139 ἀπέδοσαν
596 3076 653 3139 τὸν
686 3075 837 3152 ἡγεμόνα.
880 3073 963 3136 Xen.
988 3073 1091 3137 Anab.
1116 3073 1162 3137 IV
1186 3074 1216 3154 2,
1234 3073 1287 3136 23.

116 3181 193 3246 ὁδέ
222 3184 296 3259 θεὸς
326 3181 430 3259 οὕτως
459 3182 611 3260 ἐποίησεν
640 3181 725 3244 ὥστε
755 3180 930 3259 ἀμφότεροι
966 3181 1022 3258 μὲν
1057 3180 1213 3258 τρόπαιον
1242 3180 1287 3257 ὼς

116 3289 315 3367 νενικηκότες
340 3291 529 3368 ἐστήσαντο,
564 3290 640 3366 τοὺς
671 3290 705 3352 δὲ
733 3289 924 3365 ἱσταμένους
954 3287 1116 3365 οὐδέτεροι
1145 3287 1288 3351 ἐκώλυον

116 3403 176 3460 etc.
202 3397 284 3460 Xen.
309 3396 392 3460 Hell.
418 3397 481 3460 VH
505 3396 535 3478 5,
554 3397 607 3460 26.
655 3395 720 3460 Sed
756 3396 820 3459 iarn
854 3416 886 3479 p.
911 3395 953 3457 26
983 3393 1091 3458 monui
1126 3393 1175 3458 his
1210 3395 1288 3459 locis

115 3505 214 3568 verba
238 3503 494 3581 διαπράττεσθαι,
518 3508 623 3567 ποιεῖν
648 3503 792 3568 absolute
815 3506 968 3586 usurpata
992 3521 1060 3566 csse
1095 3521 1198 3583 neque
1221 3522 1289 3566 ver-

115 3613 226 3676 borum
251 3610 419 3693 efficiendi,
444 3609 501 3674 sed
526 3610 644 3693 agendi
668 3611 732 3675 virn
756 3609 890 3692 habere,
927 3607 1103 3673 sententiae
1127 3609 1224 3692 igitur
1247 3610 1288 3674 ab

116 3719 201 3784 ὥστε
225 3719 413 3802 incipientes
438 3717 633 3782 consecutivi
659 3717 786 3800 generis
810 3722 892 3780 sunt.
939 3715 1040 3780 Aliter
1064 3737 1114 3781 res
1138 3716 1290 3781 sehabet

116 3825 156 3890 de
180 3826 256 3888 Her.
281 3825 332 3888 ΙΙΙ
356 3826 414 3890 36:
452 3826 482 3888 οἱ
507 3827 542 3888 δὲ
566 3824 762 3902 θεράποντες
786 3822 1044 3902 κατακρύπτουσι
1067 3825 1125 3886 τὸν
1151 3825 1288 3901 Κροῖσον

116 3934 167 3996 ἐπὶ
191 3936 273 4015 τῷδε
296 3938 341 4014 τῷ
367 3934 452 4016 λόγῳ
477 3935 571 4014 ὥστε,
602 3933 628 3996 εί
658 3933 714 4009 μὲν
750 3932 950 4014 μεταμελήσῃ
980 3937 1025 4013 τῷ
1057 3930 1206 4014 Καμβύσῃ
1237 3932 1288 3993 καὶ

117 4038 260 4121 ἐπιζητέῃ
285 4039 342 4101 τὸν
367 4040 512 4116 Κροῖσον,
537 4040 566 4102 οἱ
591 4041 625 4102 δὲ
650 4039 847 4116 ἐκφήναντες
871 4038 970 4101 αὐτὸν
995 4041 1084 4115 δῶρα
1108 4037 1288 4116 λάμψονται

115 4147 255 4225 Ζωάγρια
281 4147 427 4224 Κροίσου,
461 4147 500 4224 ἢν
525 4148 560 4209 δὲ
585 4149 624 4224 μη
649 4147 858 4225 μεταμέληται
887 4146 965 4223 μηδὲ
993 4144 1094 4228 ποθέῃ
1121 4165 1181 4222 μιν,
1216 4145 1288 4208 τότε

117 4257 341 4332 καταχρᾶσθαι.
388 4251 602 4316 Indicativurn
632 4252 728 4316 futuri
760 4252 941 4329 λάμψονται
966 4271 1023 4334 pre
1049 4251 1219 4329 λαμβάνειν
1244 4252 1288 4314 in·
1370 4307 1372 4312 .

117 4361 236 4425 finitive
260 4359 464 4444 usurpavisse
485 4357 562 4422 mihi
579 4359 706 4424 videtur
718 4358 909 4440 Herodotus,
934 4364 969 4421 ut
986 4364 1106 4422 certam
1123 4365 1288 4442 exspecta·

8 4542 9 4557 ,
117 4470 233 4533 tienern
263 4488 423 4533 serverum
454 4467 657 4550 exprimeret,
694 4487 757 4548 qua
792 4486 846 4530 cns
880 4464 1033 4549 deceptos
1068 4485 1137 4529 esse
1172 4464 1288 4529 deinde
