3132 5116
624 409 798 462 ..33-

232 588 346 654 Omnia
370 609 452 672 qnae
477 589 642 672 hueusque
666 590 705 654 de
729 611 788 654 usu
812 589 1046 674 Xenophonteo
1076 591 1223 674 exempla
1253 596 1297 656 at-

120 697 190 778 tuli,
228 717 284 761 sno
308 697 376 761 iure
400 697 589 760 infinitivum
618 699 791 781 postulant,
827 699 945 782 quippe
976 717 1058 779 quae
1087 704 1142 762 aut
1158 698 1297 762 'finalem

22 839 23 892 ι
120 805 186 868 vim
224 803 397 869 exhibeant
429 812 485 868 ant
520 825 560 868 ex
591 805 767 886 sententiis,
804 825 885 886 quae
920 825 983 868 non
1018 811 1090 868 sunt
1127 805 1176 869 sui
1210 806 1297 887 iuris,

22 923 23 936 ¹
121 910 286 994 pendeant
315 916 371 975 aut
401 931 451 975 res
481 913 669 995 exprimant,
706 933 787 994 quae
817 933 879 976 non
908 933 1020 976 revera
1054 920 1296 995 consequantur.

122 1017 188 1082 Sed
214 1018 389 1084 infinitivus
412 1018 547 1084 idoneus
571 1038 696 1101 quoque
720 1027 779 1101 est,
804 1020 857 1102 qui
875 1021 1130 1085 consecutionem
1154 1019 1187 1082 in
1211 1019 1297 1087 facto

121 1124 260 1208 positam
284 1125 452 1209 exprimat.

231 1231 408 1296 Infinitivus
442 1253 507 1296 rem
542 1232 692 1317 exprimit
726 1254 808 1315 quae
838 1254 872 1298 ne
902 1254 978 1298 vena
1012 1234 1214 1315 eoneeqnitun
1247 1234 1297 1298 vel

123 1344 297 1402 consecuta
320 1345 386 1402 est:

231 1449 263 1526 a)
287 1447 473 1529 pronomine
497 1447 548 1511 vel
572 1446 724 1512 adverbio
750 1445 1000 1511 demonstrativo
1025 1447 1209 1531 praemisso.

233 1554 262 1615 1.
286 1572 390 1636 praee.
416 1551 471 1617 inf.
515 1555 547 1632 α)
572 1559 645 1637 post
669 1574 774 1637 praes.
799 1553 864 1616 ind.
889 1554 933 1630 εἰς
958 1555 1016 1631 τὴν
1041 1553 1186 1617 διάνοιαν
1210 1555 1297 1631 ἐμπί-

125 1675 263 1723 πτουσιν
292 1659 397 1738 οὕτως
428 1659 512 1724 ὥστε
541 1663 591 1724 καὶ
620 1661 678 1738 τὰς
708 1661 884 1738 ἐπιστήμας
915 1660 1079 1739 ἐκβάλλειν
1104 1661 1223 1724 Oomm.
1248 1661 1296 1724 III

126 1769 178 1848 12,
196 1767 226 1830 6.
276 1769 306 1847 β)
330 1773 402 1851 poet
426 1768 550 1852 imperf.
575 1768 660 1832 ούτω
679 1768 851 1847 Σωκράτης
875 1767 915 1846 ἦν
939 1767 1111 1846 ὠφέλιμος,
1135 1767 1219 1830 ὥστε
1235 1789 1297 1846 φα-

124 1876 220 1951 νερὸν
244 1873 326 1938 εἶναι
350 1875 470 1939 Οοιιιπι.
495 1876 541 1938 IV
567 1877 629 1957 1,1
658 1875 789 1958 [Comm.
815 1875 860 1938 IV
884 1875 963 1957 4,1.
989 1876 1063 1959 Cyr.
1082 1875 1160 1939 VIII
1184 1873 1296 1956 8,12].

122 1983 155 2060 γ)
181 1988 253 2064 post
269 2002 334 2046 που.
352 1981 418 2046 ind.
443 1983 602 2060 ἐξήγγειλε
626 1984 698 2060 περὶ
722 1983 821 2045 αύτοθ
846 1987 978 2046 τοιαῦτα
1001 1984 1086 2046 ὥστε
1107 1983 1297 2060 πρέπουσαν

124 2090 297 2168 φαίνεσθαι
320 2091 378 2168 τὴν
403 2091 637 2168 μεγαληγορίαν
662 2090 760 2153 αύτοῖι
785 2096 821 2172 τῇ
847 2091 973 2172 διανοίᾳ
997 2090 1090 2173 Apol.
1115 2090 1145 2152 2.
1175 2089 1296 2172 Cyneg.

127 2198 154 2272 1,
173 2199 223 2260 12.
272 2199 303 2276 δ)
329 2203 401 2281 post
424 2197 502 2280 perf.
527 2196 592 2261 ind.
619 2197 876 2274 συνεληλύθασιν
901 2197 946 2274 ὡς
970 2197 1025 2274 ἐμὲ
1048 2201 1203 2260 τοσαῦται
1217 2193 1294 2260 ὥστ’

125 2302 206 2368 εἶναι
231 2305 267 2368 ἐν
291 2311 327 2387 τῇ
353 2304 435 2387 οἰκίᾳ
459 2305 613 2382 τέτταρας
637 2306 687 2367 καὶ
712 2305 788 2366 δέκα
812 2304 931 2368 Oomm.
956 2304 989 2366 II
1015 2305 1043 2385 ἵ,
1061 2304 1092 2367 2.

232 2414 263 2475 2.
294 2432 360 2475 eor.
385 2411 440 2475 inf.
489 2415 521 2492 o)
545 2419 618 2495 post
641 2412 765 2495 imperf.
790 2411 893 2488 ἀδεῶς
918 2411 1127 2490 ἐστρατεύετο
1151 2413 1298 2488 τὴντῶν

125 2521 288 2597 πολεμίων
318 2518 403 2583 ούτω
431 2519 656 2605 καρπούμενος
686 2521 771 2582 ὥστε
801 2519 836 2582 ἐν
865 2523 957 2582 δυοῖν
987 2519 1074 2582 ἐτοῖν
1103 2519 1203 2582 πλέον
1232 2521 1297 2581 τῶν

125 2626 240 2690 ἑκατὸν
263 2626 432 2690 ταλάντων
455 2633 500 2710 τῷ
524 2632 587 2710 θεῷ
616 2627 650 2689 ἐν
674 2627 821 2705 Δελφοῖς
850 2626 984 2703 δεκάτην
1014 2625 1175 2689 ἀποθῦσαι
1200 2625 1297 2707 Aget.

129 2735 157 2814 1,
174 2733 227 2797 34.
277 2735 307 2812 β)
335 2738 407 2816 post
431 2753 497 2796 eor.
526 2733 591 2796 ind.
621 2733 775 2811 Τελαμὼν
805 2737 963 2809 τοσοῦτος
993 2733 1120 2808 ἐγένετο
1150 2732 1234 2796 ὥστε
1264 2732 1298 2815 ἐκ

126 2841 253 2917 πόλεως
277 2845 334 2918 τῆς
360 2841 510 2918 μεγίστης
527 2842 566 2918 ἣν
583 2841 680 2918 αὐτὸς
698 2840 849 2919 ἐβούλετο
866 2844 961 2918 γῆμαι
977 2840 1151 2918 Περίβοιαν
1175 2839 1296 2922 Cyneg.

127 2949 155 3030 1,
173 2949 202 3011 9.
228 2949 258 3029 1,
278 2948 329 3011 14.
757 2946 758 2951 ’

232 3054 264 3134 b)
289 3057 474 3138 pronomine
498 3056 548 3118 vel
572 3054 725 3118 adverbio
750 3054 998 3118 demonstrativo
1022 3074 1084 3117 non
1112 3054 1295 3137 praemisso.

234 3164 262 3226 1.
287 3183 391 3246 praes.
416 3163 470 3226 int.
508 3165 539 3242 o)
565 3168 636 3246 post
652 3181 756 3245 praee.
774 3160 839 3224 ind.
865 3162 894 3224 οἱ
918 3163 1008 3224 καλοὶ
1032 3163 1082 3224 καῖ
1106 3162 1182 3237 τοὺς
1208 3159 1296 3223 ἀπω-

127 3276 181 3334 θεν
205 3271 388 3346 θεωμένους
406 3269 612 3348 ὑφάπτουσιν
630 3269 714 3332 ὥστε
731 3268 876 3331 αἴθεσθαι
893 3275 937 3351 τῷ
954 3267 1047 3346 ἐρωτι
1072 3268 1145 3350 Oyr.
1161 3268 1188 3330 V
1205 3267 1296 3348 1,1ίί.

126 3376 165 3441 R.
182 3397 254 3458 equ.
272 3377 303 3458 6,
316 3378 347 3440 9.
368 3378 418 3458 11,
432 3377 463 3440 3.
488 3377 549 3460 Rp.
567 3376 645 3439 Lae.
663 3376 693 3456 5,
708 3375 738 3438 6.
759 3376 808 3457 12,
822 3376 853 3438 ὦ.
879 3374 1001 3458 Cyneg.
1022 3375 1071 3455 13,
1089 3376 1139 3438 II·
1179 3377 1208 3453 β)
1226 3381 1298 3458 post

126 3483 250 3568 imperf.
275 3484 459 3562 ἐξεκυβίστα
483 3483 566 3562 έχων
588 3484 646 3559 τάς
662 3483 790 3558 πέλτας,
815 3481 899 3544 ὥστε
916 3481 993 3558 ὄψιν
1010 3483 1109 3558 καλὴν
1126 3482 1297 3560 φαίνεσθαι

127 3590 230 3654 Anah.
249 3590 294 3652 VI
313 3592 341 3671 1,
359 3590 390 3653 9.
416 3589 571 3674 Oyr.14‚
589 3590 620 3652 4.
645 3590 675 3670 6,
692 3588 746 3651 40.
772 3589 851 3669 113,
871 3589 921 3650 14.
947 3589 1022 3669 Vi),
1039 3589 1092 3651 40.
1118 3589 1297 3664 vllem.

126 3697 229 3761 Anab.
247 3697 310 3779 19,
330 3696 380 3761 15.
406 3697 485 3778 113,
506 3699 556 3760 11.
581 3697 630 3759 III
646 3697 678 3776 4,
696 3697 749 3758 22.
775 3696 836 3758 VII
854 3695 883 3775 8,
902 3695 952 3757 23.
1004 3698 1035 3774 t)
1060 3703 1132 3778 Post
1149 3715 1214 3758 aon.
1232 3694 1297 3758 imi.

126 3793 257 3868 κάκεῖνα
293 3806 349 3882 μὲν
384 3807 422 3883 δὴ
459 3804 601 3884 ἐπράχθη
639 3806 722 3866 ὥστε
759 3818 797 3866 σε
832 3803 974 3866 ἐπαινεῖν
1009 3801 1083 3886 Cyn.
1109 3803 1169 3864 VII
1194 3803 1225 3882 ὁ,
1242 3803 1296 3865 19.

125 3912 170 3975 IV
187 3911 218 3993 5,
238 3911 267 3974 I.
304 3912 523 3993 Holmon.
554 3912 646 3992 ive,
666 3910 717 3972 19.
754 3910 814 3993 Rp.
838 3909 916 3972 Lae.
940 3911 971 3990 2,
988 3911 1019 3972 2.
1067 3911 1098 3988 δ)
1123 3917 1194 3992 post
1218 3909 1298 3991 pons.

125 4017 190 4082 ind.
216 4019 268 4081 διά
292 4020 328 4082 τὸ
352 4019 434 4097 ἡμᾶς
459 4023 630 4097 φοβεῖσθαι
655 4016 938 4094 ἀνακεκομισμένοι
968 4017 1048 4080 εἰσὶν
1077 4017 1129 4092 εἰς·
1151 4015 1298 4094 ἐρύματα,

126 4128 210 4189 ὥστε
235 4125 326 4188 αύτοὶ
350 4127 407 4203 μὲν
435 4125 527 4204 ἐχειν,
562 4126 644 4204 ἡμᾶς
676 4127 710 4187 δὲ
740 4127 840 4187 ταῦτα
870 4125 910 4200 μὴ
939 4123 1096 4186 δύνασθαι
1127 4123 1298 4202 λαμβάνειν

126 4232 380 4316 0yr.V11,14.
427 4234 454 4311 ε)
478 4237 550 4316 post
574 4232 676 4315 plnsq.
701 4231 739 4293 τά
764 4231 926 4307 ἐπιτήδεια
950 4230 985 4293 ἐν
1002 4230 1129 4306 τούτοις
1147 4228 1297 4293 ἀνακεκο-

127 4340 271 4416 μισμένοι
300 4339 391 4416 ἦσαν.
427 4339 511 4402 ὥστε
540 4341 638 4418 μηδὲν
668 4338 840 4417 λαμβάνειν
869 4338 1005 4401 αὐτόθεν
1035 4338 1111 4414 τοὺς
1137 4335 1297 4414 Ἕλληνας

128 4445 228 4510 Anab.
252 4446 297 4509 IV
321 4448 350 4529 7,
370 4448 420 4511 17.
476 4449 505 4526 ζ)
540 4452 611 4530 post
636 4446 692 4510 fut.
718 4444 782 4508 ind.
813 4449 991 4523 παρακαλεῖ
1020 4446 1144 4522 πολλὴν
1174 4443 1296 4523 φλόγα·
