3132 5116
692 377 965 484 ‘aaa

289 612 413 694 narrat3
450 619 573 676 vertere
596 629 779 696 possumus:
817 609 1114 692 ε1111161111616111,
1151 603 1198 676 als
1223 602 1263 675 ob
1288 602 1333 674 sie
1358 598 1469 675 sicher

289 719 480 783 bokomnren
504 717 646 796 wtirden,
672 717 880 797 (andernfalls
905 719 994 797 alrer)
1019 718 1073 780 ilnr
1098 739 1134 781 uu
1160 717 1273 782 toten’.

397 825 553 903 Quoniam
578 824 680 889 finalis
704 825 852 888 infinitivi
875 845 950 889 usus
974 831 1021 888 tot
1045 824 1199 908 exemplis
1217 825 1400 906 illustratur,
1427 831 1464 888 ut

290 933 376 1017 apud
389 931 615 1016 Thucydidem
632 931 762 1013 quidem
778 933 963 1016 praevaleat
988 933 1191 997 consecutivo
1216 931 1361 995 infinitivi
1379 933 1462 1012 usui,

289 1041 396 1103 mirari
419 1041 495 1104 licet
518 1040 559 1104 ab
590 1039 735 1103 omnibus
764 1039 830 1103 fere
858 1039 1077 1121 grammaticis
1106 1040 1222 1103 nostris
1251 1037 1335 1102 ὥστε
1365 1040 1465 1122 parti-

290 1147 393 1210 culam
417 1147 541 1211 nonnisi
565 1146 598 1209 in
622 1145 834 1210 consecutivis
858 1146 1023 1230 particulis
1047 1147 1204 1210 numerari
1239 1149 1302 1226 (ex.
1328 1166 1355 1209 c.
1379 1146 1464 1208 Krit-

288 1274 355 1336 ger,
380 1252 729 1337 griech.Sprachleln·c
754 1253 843 1332 §oa
879 1255 909 1316 2.
935 1254 996 1316 Dic
1013 1252 1114 1336 Folge
1138 1251 1179 1315 ist
1203 1252 1365 1316 entvveder
1389 1251 1462 1315 eine

288 1359 566 1442 unbeabsiehtigte
591 1359 668 1423 oder
684 1359 755 1423 eine
772 1359 1022 1442 beabsiehtigte:
1048 1359 1256 1424 consekutive
1273 1359 1351 1422 oder
1366 1359 1463 1422 finale

289 1468 394 1530 Statue.
442 1468 472 1530 3.
498 1467 559 1530 Die
583 1466 861 1549 unbeabsiclrtigte
877 1467 979 1549 Fulge
1000 1466 1186 1531 beueielmet
1203 1466 1295 1530 ὥστε.
1342 1467 1372 1529 4.
1398 1467 1462 1530 Die

289 1574 524 1656 beabsichtigte
540 1574 642 1655 Fulge
659 1572 852 1638 bezeichnen
873 1573 934 1649 ἵνα,
958 1573 1012 1651 ὡς,
1037 1573 1152 1656 ὅπως),
1177 1594 1368 1655 quamquam
1386 1593 1461 1637 con-

289 1679 405 1744 cedunt
422 1687 548 1764 praeter
564 1680 751 1743 infinitivum
776 1700 846 1744 cum
871 1680 956 1744 ὥστε
981 1682 1183 1745 coniunctum
1208 1681 1288 1744 alias
1312 1680 1461 1744 coniunc-

288 1788 390 1851 tiones
419 1787 574 1870 usurpari,
612 1806 694 1868 quae
723 1786 839 1851 clarius
867 1787 932 1851 vim
961 1787 1086 1851 finalem
1111 1787 1375 1872 praeseferunt
1405 1788 1462 1867 (cf.

288 1894 426 1976 Krtiger,
462 1893 482 1957 l.
508 1914 535 1958 c.
560 1895 591 1957 3.
616 1895 708 1956 Anm.
736 1895 764 1955 1.
811 1894 1023 1978 Demgemass
1052 1895 1138 1959 steht
1167 1915 1201 1959 es
1223 1915 1282 1958 nur
1305 1896 1362 1959 mit
1387 1895 1465 1959 dem

288 2000 439 2084 Infinitiv,
474 2020 567 2064 vvenn
597 2021 631 2064 es
660 2006 760 2064 etwas
789 2021 827 2064 uu
856 2001 1087 2067 Erstrebendes
1116 2001 1266 2085 einfithrt,
1302 2022 1463 2087 synonym

288 2109 345 2170 mit
370 2107 484 2187 ὅπως).
530 2109 643 2190 Neque
668 2113 773 2170 tamen
798 2107 862 2170 ulla
886 2114 934 2172 est
958 2128 1065 2190 eausa,
1090 2129 1145 2173 cur
1169 2109 1201 2172 in
1225 2111 1309 2172 ὥστε
1333 2109 1374 2173 ab
1399 2109 1463 2172 ori-

288 2215 362 2297 gine
387 2216 623 2279 consecutivam
647 2213 744 2278 fuisse
768 2215 832 2278 vim
856 2235 1051 2298 censeamus,
1087 2216 1242 2280 infinitivo
1266 2223 1372 2279 autem
1397 2237 1462 2280 non

287 2321 388 2385 solum
413 2323 659 2403 consecutivam,
684 2319 741 2385 sed
766 2323 861 2386 ctiam
887 2322 1012 2386 finalem
1037 2324 1101 2386 vim
1124 2323 1228 2386 inesse
1252 2329 1387 2386 constat.

394 2965 437 3030 Ut
461 2965 524 3028 iam
548 2963 589 3028 ad
614 2965 852 3029 consecutivum
869 2985 959 3029 usum
975 2973 1145 3050 transeam,
1169 2967 1342 3031 infinitivus
1358 2987 1459 3049 usquc

287 3070 329 3135 ad
354 3071 523 3155 Sophoclis
553 3078 585 3135 et
608 3070 764 3135 Herodoti
794 3078 933 3136 aetatem
963 3073 1048 3136 solus
1077 3073 1109 3136 in
1139 3094 1196 3137 usu
1227 3082 1304 3138 crat.
1352 3074 1459 3158 Atque

287 3178 395 3261 etiam,
431 3185 599 3262 postquam
629 3177 716 3243 modi
744 3179 826 3243 finiti
855 3178 886 3242 111
920 3199 1010 3243 usum
1043 3180 1150 3244 vocati
1184 3187 1265 3262 sunt,
1302 3180 1458 3246 infinitivo

286 3284 384 3348 multo
409 3285 510 3347 maior
533 3285 732 3349 tribuebatur
755 3286 929 3369 provincia,
967 3307 1060 3369 quarn
1089 3287 1193 3351 modis
1220 3288 1326 3352 finitis.
1374 3290 1457 3356 Nam

285 3392 420 3475 primum
445 3391 572 3472 quidem
596 3392 769 3456 infinitivus
798 3393 883 3456 solus
912 3399 1006 3476 aptus
1035 3395 1230 3476 remanebat,
1267 3395 1320 3476 qui
1351 3415 1457 3460 conse-

286 3498 445 3561 cutionem
475 3497 664 3581 adiungeret
694 3499 879 3581 sententiae,
916 3520 998 3581 quae
1026 3521 1088 3564 non
1117 3508 1164 3565 est
1188 3502 1236 3565 sui
1260 3501 1347 3566 iuris.
1395 3504 1456 3570 Ne-

285 3625 374 3669 cesse
398 3611 447 3669 est
469 3604 567 3687 igitur
590 3610 726 3689 ponatur
749 3604 936 3671 infinitivus:

394 3714 422 3776 1.
458 3719 531 3796 post
555 3713 744 3776 sententiam
769 3714 1038 3779 condicionalem:
1075 3716 1173 3793 εἴτις
1197 3719 1274 3795 τοὺς
1298 3719 1336 3781 σὲ
1366 3724 1456 3797 θερα-

284 3821 444 3898 πεύοντας
469 3818 554 3883 οὕτω
579 3822 728 3899 διατιθείη
754 3819 831 3885 ὥστ’
856 3823 979 3886 ἐκείνου
1004 3827 1126 3902 μᾶλλον
1149 3825 1168 3902 ἢ
1193 3829 1255 3888 σοῦ
1284 3826 1455 3904 βούλεσθαι

284 3927 374 4003 εἶναι,
410 3925 459 4005 ἆρ’
485 3928 525 3991 ἂν
549 3927 618 3992 ἀντὶ
642 3930 760 4007 ταύτης
784 3935 840 4008 τῆς
871 3931 1056 4009 εὐεργεσίας
1087 3933 1179 4011 χάριν
1210 3933 1296 4017 αὐτῷ
1326 3934 1454 4012 εἰδείης

285 4035 368 4098 Χ611.
393 4036 466 4119 (lyr.
493 4036 520 4100 V
544 4036 575 4118 5,
592 4038 645 4100 29.

390 4143 421 4205 2.
456 4148 529 4226 post
553 4144 751 4226 sententiam,
777 4165 858 4226 quae
883 4146 952 4229 ipsa
975 4146 1107 4230 pendet:

391 4251 423 4328 u)
460 4248 492 4311 in
516 4249 670 4315 infinitivo
694 4252 799 4334 posita
823 4273 842 4315 a
866 4252 972 4317 verbis
996 4252 1181 4317 declarandi
1205 4254 1290 4318 sim:
1327 4255 1454 4335 ἔφασαν

282 4356 359 4432 τοὺς
384 4356 583 4434 στρατιώτας
607 4357 652 4434 εἰς
676 4362 773 4421 τοῦτο
796 4363 921 4437 τρυφῆς
946 4360 1051 4423 ἐλθεῖν

283 4484 357 4538 νειν,
382 4464 408 4526 εἰ
432 4465 472 4541 μὴ
497 4463 674 4541 ἀνθοσμίας
699 4465 745 4544 είη
772 4466 853 4530 Xon.
879 4467 961 4531 llell.
987 4468 1031 4530 Vl
1054 4469 1084 4548 2,
1102 4471 1133 4532 u.
