3132 5116
653 438 811 493 „53-

128 623 195 685 καὶ
226 625 402 700 μεμνῆσθαι
432 621 491 700 χρὴ
521 621 603 699 ἡμᾶς
634 619 682 684 ὅτι
713 623 828 685 νεωστὶ
859 619 923 684 ἀπὸ
954 619 1055 684 νόσου
1092 619 1231 700 μεγάλης
1267 620 1317 683 καῖ

126 731 284 808 πολέμου
303 728 403 808 βραχύ
420 749 449 792 τι
476 727 715 806 λελωφήκαμεν,
741 727 825 792 ὥστε
849 730 899 791 καὶ
924 730 1061 807 χρήμασι
1086 730 1228 805 καὶτοῖς
1253 729 1316 792 σώ-

130 851 242 912 μασιν
265 836 429 914 ηὐξῆσθαι.
453 835 555 900 Thue.
570 835 614 898 VI
633 836 683 918 12,
700 837 728 898 1.
776 837 826 899 καῖ
849 842 886 918 τῇ
912 835 1047 917 ἐπιούσῃ
1065 837 1152 898 νυκτὶ
1169 836 1317 914 ἔφθασαν

130 944 492 1022 παροικοδομήσαντες,
525 941 609 1006 ὥστε
634 944 740 1021 μηκέτι
765 945 840 1022 μήτε
865 943 955 1006 αὐτοὶ
980 943 1159 1006 κωλύεσθαι
1184 941 1237 1006 ὑπ’
1263 944 1317 1006 αύ-

129 1055 217 1126 τιῦν,
242 1051 384 1127 ἐκείνους
408 1071 441 1114 τε
467 1052 517 1113 καὶ
542 1051 748 1114 παντάπασιν
771 1050 1029 1128 ἀπεστερηκέναι,
1054 1051 1080 1114 εί
1096 1052 1146 1113 καὶ
1163 1055 1317 1128 κρατοῖεν,

134 1161 186 1236 μὴ
212 1159 252 1221 ἂν
276 1157 321 1221 έτι
345 1162 434 1236 σφάς
459 1157 668 1236 ἀποτειχίσαι.
704 1157 806 1222 Thue.
832 1158 894 1222 VH
918 1158 948 1240 6,
966 1158 997 1220 4.

252 1265 365 1328 Fuiuri
395 1267 482 1328 notio
513 1265 676 1329 infinitivis
706 1265 884 1348 praesentis
914 1271 946 1327 et
977 1265 1086 1328 aeristi
1122 1265 1317 1347 exprimitur,

135 1394 208 1436 non
232 1373 333 1436 solum
358 1378 532 1455 praeeunte
556 1371 678 1436 future:
715 1373 755 1451 ἣν
780 1373 836 1450 μέν
860 1394 919 1435 νυν
944 1374 983 1450 μὴ
1013 1372 1234 1450 συμβάλωμεν,
1270 1371 1318 1434 ἐλ-

138 1481 246 1558 πομαί
270 1501 340 1543 τινα
366 1477 483 1543 στάσιν
508 1480 648 1558 μεγάλην
672 1481 847 1543 διασείσειν
869 1480 1076 1557 ἐμπεσοῦσαν
1092 1481 1131 1542 τὰ
1144 1478 1320 1556 Ἀθηναίων

143 1589 352 1668 φρονήματα,
390 1587 474 1651 ὥστε
504 1589 633 1666 μηδίσαι
669 1588 745 1651 Her.
770 1588 815 1650 VI
842 1587 915 1650 109.
963 1588 1045 1650 Xen.
1072 1587 1145 1670 Cyr.
1170 1586 1216 1649 IV
1240 1587 1270 1667 2,
1289 1585 1318 1648 8.

140 1695 240 1776 VII,
261 1694 312 1757 19.
349 1695 628 1774 He11.,1V8‚32.
676 1695 766 1772 ἡμεῖς
797 1697 831 1756 δὲ
862 1693 902 1756 αὖ
933 1695 1057 1771 πολλὴν
1087 1698 1169 1776 δᾷδα
1199 1693 1320 1771 ἐχομεν,

140 1803 268 1880 ἣταχὺ
293 1803 376 1865 πολὺ
401 1805 465 1879 πῦρ
488 1803 616 1876 τέξεται,
652 1804 777 1878 πολλὴν
801 1803 836 1864 δὲ
860 1803 973 1864 πίτταν
997 1803 1048 1863 καὶ
1076 1805 1264 1875 στυππεῖον,
1299 1800 1319 1862 ἃ

141 1899 234 1987 ταχύΙ
251 1912 428 1986 παρακαλεῖ
451 1911 576 1985 πολλὴν
600 1909 720 1986 φλόγα·
760 1911 844 1971 ὥστε
873 1907 1015 1985 ἀνάγκην
1040 1907 1120 1971 εἶναι
1144 1909 1163 1985 ἢ
1187 1907 1319 1986 φεύγειν

143 2017 225 2094 ταχύ
250 2017 327 2092 τοὺς
352 2015 416 2079 ἀπό
440 2019 506 2078 τῶν
530 2016 637 2078 οἰκιῶν
661 2017 775 2094 ἢταχῦ
793 2019 1044 2078 κατακεκαῦσθαι
1068 2015 1151 2077 Xen.
1169 2015 1319 2098 0y1·.vlr

145 2123 249 2204 5,23.
285 2122 413 2185 Hell.V
437 2123 538 2204 2‚34.
575 2122 770 2203 enerve,
791 2124 841 2185 19.
880 2122 955 2187 Oee.
982 2122 1082 2203 8,10.
1118 2122 1215 2204 Hipp.
1241 2122 1319 2201 Ἠ,

146 2229 204 2293 sed
239 2231 336 2293 etiarn
371 2229 434 2292 alio
469 2234 626 2312 tempere:
663 2227 749 2292 τοῦτ’
776 2229 834 2293 οῦν
864 2229 953 2315 ἐστιν
982 2228 1072 2305 ὅπως
1102 2250 1149 2305 τις
1175 2228 1214 2292 ἀν
1238 2228 1319 2305 ύμάς

147 2337 352 2414 ἐξαπατήσαι,
388 2336 472 2399 ὥστε
497 2337 664 2415 ἐμβαίνειν,
700 2335 824 2399 ὁπόταν
852 2337 949 2413 νότος
978 2337 1071 2418 πνέῃ;
1107 2336 1190 2398 Xen.
1216 2335 1318 2398 Anah.

149 2445 231 2525 Vi,
250 2445 279 2507 7.
331 2445 525 2520 συνοίδαμεν
560 2444 633 2521 ῦμῑν
668 2443 731 2506 ὑπὸ
765 2444 823 2506 τὸν
858 2444 1020 2521 παρεόντα
1054 2444 1147 2506 τόνδε
1177 2443 1319 2520 πόλεμον

150 2552 239 2614 ἐοῦσι
264 2553 388 2614 πολλόν
412 2550 692 2629 προθυμοτάτοισι,
724 2552 809 2614 ὥστε
833 2551 884 2613 καί
908 2554 1008 2613 ταῦτα
1032 2549 1208 2613 ἐσακούειν.
1243 2550 1319 2613 Her.

150 2659 197 2722 IX
222 2660 275 2722 60.

255 2765 428 2829 Rarissirrre
453 2773 559 2830 autern
583 2765 679 2829 futuri
704 2765 876 2829 infinitivus
901 2766 1053 2830 occurrit:
1082 2766 1183 2842 Κῦρος
1200 2765 1230 2826 οῖ
1247 2765 1321 2841 ἐπη-

150 2875 281 2950 πείλησε
311 2872 397 2936 ούτω
428 2875 466 2950 δή
498 2895 549 2950 μιν
579 2873 718 2936 ἀσθενέα
747 2875 902 2950 ποιήσειν,
938 2873 1022 2935 ὥστε
1051 2876 1108 2934 τοῦ
1133 2875 1247 2934 λοιποῦ
1272 2872 1322 2934 καὶ

149 2980 301 3057 γυναῖκάς
327 3002 378 3058 μιν
402 2981 561 3057 εὐπετέως
586 2983 623 3043 τό
648 2981 726 3056 γόνυ
751 2981 789 3043 οὐ
808 2980 987 3059 βρεχούσας
1005 2981 1222 3058 διαβήσεσθαι.
1246 2979 1321 3042 Her.

150 3088 165 3150 I
192 3089 264 3151 189.
312 3089 341 3151 0‘1
366 3089 432 3151 θεοί
457 3103 495 3151 σε
519 3090 700 3165 ποιήσαντα
725 3087 841 3151 ἀνόσια
870 3088 1036 3164 ὑπήγαγον
1065 3088 1098 3163 ἐς
1128 3091 1236 3164 χεῖρας
1266 3086 1322 3174 τάς

151 3195 237 3272 έμάς,
268 3195 352 3258 ὥστε
377 3210 415 3258 σε
441 3196 481 3272 μὴ
507 3197 687 3273 μέμψεσθαι
711 3197 769 3275 τὴν
793 3192 847 3257 ἀπ’
873 3195 946 3271 ἐμέο
970 3214 1018 3257 τοι
1043 3194 1201 3272 ἐσομένην
1225 3194 1323 3270 δίκην.

150 3301 224 3365 Her.
250 3302 329 3364 VHI
356 3302 429 3365 106.
477 3303 516 3380 ἢν
547 3303 582 3365 δὲ
612 3303 800 3376 ἐξαπατᾶτε,
836 3301 921 3364 οὕτω
952 3302 1120 3378 νομίζομεν
1150 3300 1243 3378 ἐχειν,
1278 3299 1323 3376 ιῦς

152 3410 210 3488 οὐχ
234 3410 316 3487 ἡμᾶς
341 3405 392 3486 ἐφ’
420 3409 493 3485 ὑμῖν
518 3409 658 3484 ἐσεσθαι,
694 3409 776 3473 ἀλλὰ
804 3412 934 3486 μάλλον,
970 3410 1009 3486 ἢν
1034 3408 1063 3470 οἱ
1087 3409 1153 3470 θεοῖ
1178 3409 1324 3482 θέλωσιν,

151 3517 231 3595 ῦμάς
257 3513 309 3594 ἐφ’
335 3515 409 3593 ἡμῖν
433 3517 590 3590 γενέσθαι.
626 3517 708 3579 Xen.
734 3516 807 3600 Cyr.
833 3516 878 3578 IV
902 3516 1004 3597 2,13.
1052 3513 1172 3590 Quodsi
1197 3513 1323 3595 Semne,

151 3625 204 3704 qui
228 3645 259 3706 p.
284 3622 327 3686 55
352 3642 421 3703 sqq.
449 3622 607 3705 permulta
636 3623 783 3706 exempla
812 3624 950 3686 omniurn
981 3623 1170 3705 seriptorurn
1200 3641 1325 3685 enume-

150 3732 245 3813 ravit,
281 3738 389 3794 eenset
414 3728 461 3792 ‘in
485 3729 628 3793 oratione
653 3736 742 3793 reeta
765 3730 905 3793 futurum
929 3728 1036 3810 fuisse,
1072 3735 1107 3792 ut
1137 3728 1243 3792 emnia
1271 3727 1325 3791 illa

151 3837 298 3920 exempla
321 3836 530 3900 indicativum
554 3837 626 3920 post
652 3836 736 3900 ὥστε
760 3836 923 3915 haberent,
948 3836 1137 3899 infinitivum
1161 3836 1258 3918 igitur
1283 3835 1323 3898 ob

152 3964 222 4006 eam
252 3948 373 4005 tanturn
405 3964 535 4008 eausam
564 3944 703 4027 positum
733 3963 812 4025 esse,
850 3943 924 4025 quia
955 3944 1132 4008 sententiae
1155 3943 1325 4025 primariae

152 4051 215 4114 sint
244 4049 275 4111 in
305 4048 485 4130 infinitiv0’‚
523 4071 627 4114 errare
658 4050 735 4113 mihi
765 4049 906 4130 rideturq
943 4071 1016 4114 nam
1044 4069 1147 4130 neque
1176 4050 1209 4111 in
1232 4049 1324 4111 Dem.
1399 4107 1402 4113 .

152 4156 243 4239 29,5
269 4155 427 4235 (ἐπιδείξω
452 4162 512 4219 ete.
538 4155 624 4219 οὕτω
649 4157 797 4235 μεγάλοις
822 4159 872 4220 καὶ
896 4161 1052 4236 φανεροῖς
1078 4157 1221 4235 ἐλέγχοις
1246 4153 1325 4219 ὥσθ’

154 4264 235 4342 ύμάς
260 4262 384 4339 πάντας
410 4262 555 4326 εἴσεσθαι
580 4268 696 4342 σαφῶς
722 4263 770 4326 ότι
795 4265 869 4344 ete.)
899 4269 930 4326 et
954 4264 1045 4344 30‚4
1070 4263 1240 4343 (ἀποδείξω
1265 4268 1326 4326 ete.

155 4370 239 4434 ούτω
276 4370 426 4449 μεγάλοις
462 4371 642 4448 τεκμηρίοις
678 4373 728 4433 καὶ
763 4375 919 4449 φανεροῖς
955 4371 1097 4449 ἐλέγχοις
1135 4367 1213 4433 ὥσθ’
1245 4370 1326 4448 ῦμάς

155 4477 299 4558 ἅπαντας
329 4478 472 4543 εἴσεσθαι
502 4481 620 4556 σαφιῦς
651 4475 698 4542 ὅτι
727 4480 811 4560 ete),
848 4498 930 4562 quae
955 4478 1101 4564 exempla
1130 4479 1198 4564 ipse
1222 4477 1323 4560 affert,
