3132 5116
615 380 789 448 ,ιγΜ

112 591 244 640 neeesse
268 571 438 642 videbatur
462 592 502 639 ea
526 573 707 640 aeonratiue
731 572 884 657 distingui
909 569 1012 640 modin
1035 579 1067 639 et
1094 566 1289 660 temporibus

113 682 222 747 finitis,

22 857 23 882 ῳ
222 788 271 854 Ao
294 790 429 874 primum
455 788 583 871 quidem
607 789 765 853 invenitur
788 787 873 852 ὥστε
897 790 1056 873 partieula
1084 808 1155 854 oum
1184 786 1288 853 modis

115 898 286 962 ooniuneta

22 993 23 1008 ¹
222 1005 254 1083 a)
285 1005 471 1088 pronomine
494 1004 546 1069 vel
574 1001 728 1068 adverbio
756 1003 1005 1068 demonstrativo
1035 1003 1209 1087 praemisso
1239 1002 1290 1068 hia

114 1110 195 1176 Iouis
209 1139 216 1175 :

224 1238 253 1299 1.
278 1255 382 1320 praes.
406 1235 472 1299 ind.
519 1238 552 1314 α)
580 1241 652 1320 pont
675 1255 778 1321 praee.
804 1233 869 1299 ind.
893 1236 950 1299 τόν
975 1237 1010 1298 δὲ
1033 1240 1090 1313 τής
1114 1237 1288 1315 Δήμητρος

115 1344 239 1420 καρπόν
263 1341 326 1406 ῶδε
349 1342 451 1419 ἀγαθή
476 1343 623 1422 ἐκφέρειν
647 1343 716 1406 ἐστὶ
740 1342 825 1406 ὥστε
849 1343 900 1406 ἐπὶ
919 1343 1066 1419 διηκόσια
1088 1344 1145 1421 μὲν
1169 1344 1206 1406 τὸ
1230 1364 1289 1406 πα-

116 1450 223 1527 ράπαν
242 1449 392 1513 ἀποδιδοῖ
416 1451 431 1513 I
450 1450 523 1514 193.
548 1451 581 1513 II
598 1451 650 1514 81.
676 1451 704 1514 V
724 1450 773 1513 16.
798 1450 878 1514 VIII
895 1450 948 1513 29.
997 1452 1026 1530 β)
1052 1456 1123 1533 post
1139 1470 1205 1514 aor.
1222 1449 1288 1514 ind.

115 1558 173 1620 τὸν
190 1557 364 1637 Εὐφρήτην
388 1559 533 1635 ποταμὸν
557 1556 643 1620 οὕτω
661 1559 699 1634 δή
718 1578 746 1620 τι
764 1557 896 1634 ἐποίησε
915 1559 1048 1620 σκολιόν
1064 1556 1149 1621 ὥστε
1166 1559 1204 1635 δὴ
1221 1560 1288 1635 τρὶς

116 1663 149 1741 ἐς
174 1667 240 1728 τῶν
263 1685 334 1727 τινα
358 1665 490 1742 κωμέων
515 1663 694 1727 ἀπικνέεται
719 1663 803 1742 ῥέων
827 1663 934 1727 Ι185.
981 1666 1012 1744 t)
1037 1663 1288 1748 paupertino.

116 1770 332 1849 μεμηχάνηται
360 1769 446 1834 οὕτω
475 1774 572 1834 τοῦτο
600 1773 637 1834 τὸ
667 1775 772 1848 τεῖχος
802 1769 886 1833 ὥστε
915 1770 933 1833 δ
962 1771 1072 1850 έτερος
1096 1775 1153 1834 τοῦ
1178 1771 1287 1849 ἑτέρου

116 1877 232 1955 κύκλος
256 1882 341 1941 τοῖσι
365 1882 572 1956 προμαχεῶσι
596 1877 744 1956 μοόνοισί
768 1878 836 1941 ἐστι
861 1877 1063 1955 ὑψηλότερος
1087 1878 1173 1942 198.

224 2003 255 2065 2.
279 2002 402 2085 imperf.
450 2004 483 2081 α)
514 2008 587 2085 post
610 2000 733 2085 imperf.
758 2001 899 2064 τάλαντα
922 2003 1059 2079 προσήιε
1088 2053 1094 2064 .
1119 2053 1125 2065 .
1150 2053 1156 2064 .
1186 2002 1290 2080 συχνὰ

22 2141 23 2160 ι
118 2107 204 2172 οὕτω
229 2108 314 2172 ὥστε
337 2111 374 2172 τὸ
398 2111 516 2172 ἐπίπαν
541 2110 691 2173 Θασίοισι
714 2110 851 2186 προσήιε
874 2108 963 2186 ἐτεος
989 2107 1125 2172 ἑκάστου
1144 2109 1290 2185 διηκόσια

116 2215 259 2279 τάλαντα
282 2215 327 2279 VI
343 2217 397 2280 46.
452 2218 481 2295 β)
506 2221 578 2299 post
602 2236 668 2280 aor.
693 2214 758 2279 ind.
783 2216 813 2279 οί
837 2216 872 2279 ἐν
896 2217 1051 2294 Σαλαμῖνι
1076 2213 1231 2293 ’Έλληνες
1255 2216 1289 2292 ἐς

116 2327 277 2386 τοσοῦτον
306 2325 446 2402 θόρυβον
480 2323 634 2387 ἀπίκοντο
668 2322 753 2386 ὥστε
785 2322 863 2386 ἐνιοι
896 2327 961 2386 τῶν
996 2327 1185 2400 στρατηγῶν
1214 2323 1289 2386 οὐδέ

22 2463 23 2496 ι
117 2434 297 2508 κυρωθῆναι
320 2430 434 2508 έμενον
458 2431 495 2494 τὸ
519 2431 729 2508 προκείμενον
754 2434 882 2509 πρῆγμα
905 2430 985 2493 VIII
1001 2430 1054 2494 56.
1101 2430 1151 2493 De
1164 2429 1288 2513 imperf.

22 2593 23 2598 ,
118 2542 190 2620 post
214 2538 404 2601 sententiam
427 2537 611 2620 negativam
636 2537 682 2616 (II
708 2538 783 2616 120)
808 2559 838 2601 v.
863 2558 894 2621 p,
919 2537 972 2600 50.

224 2662 255 2725 3.
280 2682 346 2725 aor.
371 2661 436 2725 ind.
484 2664 516 2742 u)
545 2669 618 2747 post
641 2661 765 2745 imperf.
795 2662 814 2739 ἡ
845 2663 880 2725 δέ
908 2662 1039 2739 δευτέρη
1069 2676 1130 2741 σφι
1158 2661 1288 2739 ἀγγελίη

118 2768 341 2832 ἐπεσελθοῦσα
370 2770 503 2847 συνέχεε
536 2767 621 2832 οὕτω
655 2768 740 2832 ὥστε
774 2770 851 2846 τοὺς
884 2773 1022 2846 κιθῶνας
1056 2771 1289 2847 κατερρήξαντο

120 2874 245 2953 πάντες,
271 2881 328 2960 βοῇ
352 2896 386 2940 τε
410 2877 461 2939 καί
486 2877 605 2959 οἰμωγῇ
630 2877 789 2955 ἐχρέωντο
813 2875 941 2960 ἀπλέτῳ
967 2876 1044 2940 VIII
1061 2876 1114 2939 99.
1163 2878 1192 2955 β)
1218 2883 1290 2960 post

120 3003 184 3046 aor.
209 2982 274 3046 ind.
299 2982 417 3061 Ἄργος
441 2983 570 3061 ἀνδρῶν
595 2983 740 3061 ἐχηρώθη
765 2981 851 3046 οὕτω
876 2982 960 3046 ὥστε
985 2984 1014 3046 o‘r
1044 2987 1154 3047 δοθλοι
1184 2984 1291 3047 αὐτῶν

22 3135 23 3170 γ
120 3089 217 3168 έσχον
245 3090 352 3154 πάντα
382 3091 421 3154 τὰ
450 3092 619 3168 πρήγματα
645 3091 688 3154 VI
706 3090 758 3154 83.
784 3090 833 3153 III
849 3090 902 3154 50.
932 3090 978 3153 IV
997 3091 1070 3154 159.
1122 3089 1197 3154 θον.
1222 3090 1288 3154 ind.

22 3179 23 3218 ί
120 3205 189 3280 post
213 3203 292 3262 sent.
316 3198 424 3262 interr.
450 3198 557 3278 (132)
586 3219 613 3261 v.
637 3218 669 3281 p.
694 3198 747 3261 50.

223 3323 255 3386 4.
280 3322 625 3406 plusquamperfectum
638 3328 709 3406 poet
726 3321 850 3405 imperf.
875 3325 981 3385 κυνῶν
997 3321 1135 3386 Ἰνδικῶν
1151 3326 1290 3386 τοσοῦτο

22 3439 23 3448 ’
121 3432 157 3508 δή
181 3452 210 3494 τι
234 3433 358 3508 πλῆθος
387 3430 539 3510 ἐτρέφετο
565 3429 649 3493 ὥστε
673 3431 827 3507 τέσσερες
851 3433 916 3493 τῶν
940 3430 975 3493 ἐν
998 3435 1043 3514 τῷ
1068 3431 1166 3514 πεδίῳ
1190 3433 1291 3509 κῶμαι

120 3538 250 3615 μεγάλαι
274 3541 359 3600 τοῖσι
383 3539 455 3601 κυσὶ
479 3537 739 3615 προσετετάχατο
764 3537 848 3600 σιτία
872 3536 1023 3614 παρέχειν
1046 3537 1062 3599 I
1088 3537 1161 3600 192.

224 3663 256 3726 5.
281 3661 339 3725 fut.
364 3660 429 3725 ind.
453 3667 527 3745 post
550 3681 653 3746 praes.
678 3660 744 3724 ind.
769 3661 801 3724 αί
825 3661 883 3738 μὲν
899 3664 965 3724 τῶν
980 3660 1137 3738 Περσέων
1154 3661 1290 3740 κεφαλαί

101 3770 179 3834 Ιεἰσι
203 3769 356 3846 ἀσθενέες
381 3767 466 3832 οὕτω
492 3768 584 3845 ὥστε,
609 3769 635 3832 εἰ
659 3769 762 3845 θέλεις
786 3769 889 3851 ψήφῳ
914 3767 1015 3852 μούνῃ
1042 3771 1159 3846 βαλεῖν,
1190 3773 1291 3831 διατε-

119 3879 270 3956 τρανέεις,
306 3877 337 3940 αἱ
361 3878 397 3940 δέ
419 3880 485 3939 τῶν
509 3877 688 3953 Αἰγυπτίων
718 3874 803 3938 οὕτω
834 3877 872 3953 δή
902 3896 931 3938 τι
960 3875 1095 3954 ἰσχυραί,
1131 3876 1222 3952 μόγις
1252 3875 1292 3938 ἀν

119 3986 195 4070 λίθῳ
220 3985 340 4061 παίσας
365 3985 564 4061 διαρρήξειας
589 3982 639 4046 III
666 3984 716 4046 12.
763 3983 813 4046 De
837 3982 947 4046 11136
972 4003 1003 4046 ν.
1027 4003 1059 4067 p.
1083 3982 1137 4064 47,
1163 3981 1203 4045 de
1228 3982 1290 4046 VII
1349 3985 1352 3992 '

122 4092 247 4167 16γν.
272 4111 304 4175 p.
329 4091 382 4154 50.

225 4216 256 4278 6.
282 4235 347 4278 aor.
373 4220 438 4299 opt.
463 4235 491 4279 o.
515 4213 556 4278 ἀν
579 4221 652 4298 post
674 4233 778 4297 praes.
803 4213 868 4278 ind.
893 4215 930 4278 τό
947 4215 982 4277 δὲ
999 4217 1144 4292 θυμιᾶται
1162 4214 1289 4291 ἐπιβαλ-

122 4321 257 4399 λόμενον
281 4324 332 4385 καί
355 4321 470 4400 ἀτμίδα
493 4323 665 4400 παρέχεται
689 4321 852 4399 τοσαύτην
869 4321 953 4385 ὥστε
970 4320 1137 4398 Ἑλληνικὴ
1161 4320 1293 4398 οὐδεμία

22 4515 23 4520 ¹
123 4426 162 4492 ἀν
185 4450 235 4507 μιν
259 4431 355 4510 πυρίη
380 4429 614 4511 ἀποκρατήσειε
638 4429 683 4492 IV
709 4431 761 4494 ῖῖ).
