3132 5116
832 406 849 460 2
903 435 936 446 ..

256 588 357 654 uitivo
381 588 510 654 νέεσθαι
534 609 659 654 sensum
683 588 809 654 finalem
832 589 937 654 inesse
961 589 1087 673 put01).
1135 588 1184 651 De
1202 585 1264 651 hoc
1279 584 1430 652 infinitivi

257 716 315 759 usu
340 695 381 760 cf.
394 695 571 778 Baumlein,
596 695 883 786 Uutersuchungen
906 696 984 760 iiber
1001 695 1053 760 die
1069 695 1191 779 grieeh.
1208 693 1305 758 Modi.
1341 694 1429 758 Heil-

257 804 358 867 bronn
383 803 468 868 1846
492 825 523 888 p.
547 803 628 868 338:
651 805 734 869 ‘Der
755 802 878 888 griech.
903 801 1046 888 Sprache
1070 823 1137 866 suar
1160 822 1194 866 es
1217 823 1280 866 von
1304 800 1360 864 der
1383 799 1431 864 al-

257 916 360 974 testen
383 910 455 975 Zeit
478 932 519 975 an
542 910 592 975 bis
620 912 651 974 in
680 909 733 976 die
762 916 904 994 spateste
934 910 1037 993 eigen,
1072 908 1186 992 irgend
1209 908 1296 973 einer
1321 907 1431 972 Hand-

257 1018 334 1101 lung
350 1016 413 1082 den
428 1017 568 1082 Infinitiv
583 1018 790 1101 beizugeben,
814 1038 867 1081 um
884 1016 942 1081 das
955 1017 1032 1098 Ziel,
1051 1015 1180 1096 Zweck‚
1199 1016 1429 1098 Bestimmung,

258 1124 380 1207 Erfolg,
404 1124 541 1189 Absieht
564 1123 622 1188 der
638 1124 811 1207 Handlung
833 1144 872 1188 nu
895 1122 1099 1189 bezeichnen.
1146 1124 1208 1187 Dic
1224 1125 1338 1187 alteste
1351 1123 1431 1187 Vor-

258 1231 511 1315 stellungsweise
539 1231 690 1313 namlich,
726 1231 787 1296 wie
816 1231 875 1296 wir
903 1231 992 1295 nicht
1024 1251 1082 1294 nur·
1115 1253 1166 1295 am
1196 1229 1429 1312 Hebraischen,

258 1338 395 1403 sondem
418 1338 500 1403 auch
525 1360 576 1403 arn
599 1338 827 1403 Lateinischen
850 1343 885 1402 ut
909 1359 937 1403 c.
962 1338 1044 1403 coni.
1068 1337 1175 1420 seben,
1199 1337 1256 1402 hat
1280 1336 1343 1401 den
1365 1337 1430 1402 Un-

260 1445 419 1510 terschied
442 1445 601 1510 zwischen
617 1445 730 1529 Erfolg
753 1445 817 1510 und
835 1445 970 1510 Absicht
992 1445 1075 1509 noch
1091 1445 1180 1510 nieht
1195 1464 1348 1528 genogen.
1384 1443 1430 1509 So

258 1555 353 1636 lagen
377 1553 410 1616 in
434 1551 507 1617 dem
530 1553 651 1636 griech.
670 1552 811 1618 Infinitiv
834 1552 1219 1618 heiderleiVerhaltnisse
1241 1552 1431 1636 ungeschie-

259 1658 321 1722 den
344 1659 377 1722 in
399 1658 573 1724 einander'.
620 1660 783 1725 Habemus
799 1660 897 1743 igitur
913 1659 999 1744 apud
1015 1661 1187 1724 Homerum
1203 1659 1266 1724 duo
1283 1661 1432 1744 exempla

196 1831 201 1838 ,
258 1766 435 1850 particulae
459 1766 543 1830 ὥστε
567 1787 638 1831 cum
661 1766 817 1831 infinitivo
834 1767 1032 1848 coniunctae,
1058 1787 1190 1850 quorum
1206 1768 1339 1832 alterurn
1357 1789 1432 1832 con-

258 1873 445 1954 secutivum,
470 1874 603 1938 alterum
627 1873 753 1939 finalem
777 1895 903 1939 sensum
919 1875 1062 1958 praebet.
1109 1873 1281 1949 lndicativi
1305 1873 1336 1938 in
1361 1895 1432 1939 sen-

260 1979 368 2044 tentiis
392 1981 604 2052 consecutivis
628 1982 668 2044 ab
693 1980 778 2044 ὥστε
807 1981 965 2065 particula
993 1980 1206 2065 pendentibus
1235 2001 1325 2045 usum
1355 1983 1433 2046 alie-

258 2108 331 2152 num
357 2107 426 2152 esse
450 2089 490 2151 ab
516 2088 692 2152 elocutione
708 2089 879 2152 Homerica
902 2095 988 2152 recte
1004 2089 1125 2152 monuit
1141 2087 1257 2152 Seume
1279 2110 1311 2172 p.
1325 2088 1367 2151 39
1381 2109 1431 2170 sq.

366 2195 415 2258 De
439 2197 523 2258 ὥστε
547 2194 723 2278 particulae
746 2215 804 2259 usu
821 2195 944 2278 tragico
961 2194 1109 2259 disseruit
1124 2195 1166 2258 M.
1183 2195 1349 2259 Fellmann
1365 2197 1385 2259 l.
1401 2217 1432 2260 c.

260 2301 471 2378 Quamobrem
501 2301 577 2364 mihi
611 2302 688 2365 satis
721 2303 781 2365 erit
813 2322 918 2386 pauca
941 2307 1062 2366 tanturn
1087 2321 1127 2365 ex
1155 2303 1349 2385 tragicorum
1370 2322 1433 2366 usu

260 2407 411 2493 proferre,
437 2428 518 2489 quae
541 2409 680 2472 maxime
703 2408 987 2474 animadvertenda
1010 2429 1080 2473 esse
1103 2409 1180 2473 mihi
1204 2408 1362 2473 videntur.

366 2515 414 2579 Ac
437 2516 572 2599 primum
597 2515 725 2597 quidem
750 2517 863 2598 tragici
887 2522 1002 2600 poetae
1025 2524 1060 2580 ut
1076 2517 1234 2580 Homerus
1254 2517 1339 2581 ὥστε
1359 2538 1433 2601 par-

260 2622 390 2685 ticulam
425 2622 457 2686 in
494 2621 784 2707 comparationibus
818 2629 986 2707 usurpant,
1022 2644 1094 2687 raro
1128 2623 1257 2705 quidem
1288 2624 1433 2708 Aeschy-

259 2729 317 2810 lus,
342 2730 469 2812 saepius
493 2728 678 2812 Sophocles,
704 2729 889 2812 saepissime
913 2729 1084 2814 Euripides
1106 2730 1276 2815 (Exempla
1301 2731 1434 2813 collegit

260 2835 425 2899 Fellmann
448 2857 479 2919 p.
504 2837 588 2917 bsq.
636 2836 684 2900 Of.
709 2844 875 2920 praeterea
900 2837 1014 2900 Seume
1037 2859 1069 2920 p.
1097 2839 1136 2900 19
1154 2840 1224 2918 sep).
1253 2825 1364 2914 'Quod
1388 2838 1434 2902 ad

259 2963 350 3007 usum
374 2945 611 3008 consecutivum
628 2949 660 3007 ct
675 2943 801 3008 finalem
817 2945 964 3027 pertinet,
989 2944 1158 3009 tenendum
1177 2951 1224 3008 est
1236 2944 1434 3028 Aeschylum

262 3049 346 3114 ὥστε
369 3051 559 3134 particulam
582 3051 706 3114 nonnisi
732 3072 802 3114 cum
826 3051 981 3116 infinitivo
1003 3051 1214 3135 coniunxisse,
1239 3051 1434 3136 Sophoclem

261 3176 385 3238 quoque
410 3163 441 3220 et
456 3157 642 3242 Euripidem
667 3157 822 3222 infinitivo
845 3158 944 3222 multo
962 3160 1089 3243 saepius
1106 3180 1200 3241 qnam
1217 3159 1319 3223 modis
1335 3159 1435 3224 finitis

261 3283 335 3328 usos
359 3283 438 3327 esse.
485 3265 548 3329 Hic
571 3264 671 3329 habes
694 3265 846 3347 tabulam,
883 3286 922 3329 ex
947 3286 1010 3348 qua
1038 3267 1231 3350 tragicorum
1258 3286 1333 3332 usus
1362 3286 1435 3350 per-

260 3369 428 3454 spiciatur:

397 3516 426 3578 1.
473 3514 558 3578 ὥστε
582 3517 740 3600 particula
764 3536 834 3580 cum
858 3515 1014 3580 infinitivo
1039 3516 1208 3583 coniuncta
1232 3524 1294 3581 est:

732 3709 794 3747 aor.
808 3699 837 3748 et
866 3697 940 3763 pert'.
975 3711 1018 3763 pr.
1037 3711 1060 3747 c.
1081 3710 1143 3748 aer.
1162 3711 1185 3748 c.

506 3743 603 3797 praes
637 3745 698 3782 aor.
734 3780 832 3834 praes·
880 3783 923 3835 pr·
1001 3767 1035 3818 ἄν
1117 3767 1151 3818 ἄν
1215 3729 1337 3784 Summa

348 3957 455 4012 Aesch.
537 3959 571 4012 14
653 3961 686 4014 15
769 3991 800 3998 -
885 3993 916 3998 -
1000 3992 1033 3999 —
1116 3993 1149 3999 —
1267 3962 1302 4015 29

349 4065 439 4135 Soph.
536 4066 570 4119 29
652 4067 687 4120 20
770 4099 800 4104 -
885 4099 916 4104 —
1010 4069 1025 4121 1
1125 4069 1142 4122 3

535 4173 571 4226 46
651 4173 687 4227 58
776 4174 794 4227 4
893 4175 909 4228 5
1001 4205 1033 4212 —
1117 4206 1149 4214 -
1215 4257 1217 4262 Ι
1251 4176 1302 4229 113

368 4335 394 4400 1)
414 4335 533 4391 Nullam
552 4350 618 4392 esse
638 4351 769 4403 causam,
789 4337 893 4390 curin
913 4337 988 4390 ὥστε
1008 4338 1046 4390 ab
1067 4338 1185 4406 origine
1205 4339 1436 4394 consecutivam

259 4424 355 4479 titisse
374 4427 435 4479 vim
455 4440 642 4493 censeamus,
663 4423 772 4480 Seume
792 4427 904 4496 etipse
924 4441 951 4496 p.
972 4426 1006 4480 18
1026 4427 1173 4481 coneedit.
