3132 5116
623 425 797 478 ,49-

232 611 261 688 β)
286 609 318 672 in
342 607 512 693 participio
536 607 641 690 posita
665 627 684 670 a
706 606 814 671 verbis
830 605 987 670 sentiendi
1004 605 1089 668 sim:
1114 605 1154 668 τὰ
1171 601 1197 668 δ’
1216 603 1298 668 ἄλλα

8 768 9 778 ,
95 717 266 794 χρήματα
290 717 331 779 σὺ
356 714 532 791 ἀπαγαγὼν
556 713 706 793 φύλαττε,
739 711 806 777 ἔστ’
831 714 871 777 ἂν
895 714 948 791 ἐμὲ
975 713 1046 796 ἴδῃς
1074 713 1190 791 ἔχοντα
1213 712 1298 775 ὥστε

6 860 7 876 ι
96 827 179 885 σοῦ
210 825 250 902 μὴ
274 823 430 902 ἡττᾶσθαι
454 820 742 900 ἀντιδωρούμενον.
766 821 849 884 Xen.
875 821 949 905 Cyr.
974 820 1002 884 V
1025 821 1057 902 4,
1074 820 1127 884 32.

230 933 262 1010 γ)
288 931 328 1011 ab
354 928 402 992 ὅτι
428 929 649 993 coniunctione
667 935 741 1013 post
756 928 855 992 verba
873 927 1058 991 declarandi
1075 932 1107 991 et
1123 925 1295 991 sentiendi:

3 1046 4 1093 t
97 1038 166 1100 καὶ
204 1037 380 1116 σύμπασαν
409 1038 467 1114 τὴν
496 1036 597 1100 οἰκίαν
627 1037 772 1101 ἐπέδειξα
802 1035 880 1118 αὐτῇ
911 1035 960 1098 ὅτι
990 1035 1071 1113 πρὸς
1101 1035 1297 1113 μεσημβρίαν

3 1169 4 1176 ¹
98 1143 343 1208 ἀναπέπταται
369 1143 453 1207 ὥστε
478 1142 615 1220 εὔδηλον
639 1142 719 1206 εἶναι
744 1142 792 1206 ὅτι
817 1147 973 1221 χειμῶνος
998 1143 1054 1221 μὲν
1075 1143 1203 1219 εύήλιός
1220 1142 1296 1216 έστι,

1 1289 3 1335 5
96 1255 176 1314 τοῦ
204 1253 239 1315 δὲ
263 1252 378 1330 θέρους
403 1250 540 1327 εύσκιος.
564 1250 647 1314 Xen.
673 1249 749 1314 Oee.
774 1251 805 1331 9,
822 1249 853 1312 4.

230 1360 261 1423 3.
297 1364 370 1443 post
405 1358 594 1422 sententiam
630 1357 892 1441 interrogativam
928 1355 1117 1440 pendentem
1150 1378 1170 1420 a
1198 1356 1296 1420 verbo

1 1521 2 1526 ,
100 1464 340 1548 interrogandi
375 1466 460 1528 sim:
505 1465 645 1549 καλέσας
676 1466 733 1528 τὸν
764 1464 915 1543 Γωβρύαν
944 1463 1052 1542 ἠρώτα
1081 1464 1107 1528 εἰ
1137 1464 1183 1542 εἴη
1215 1463 1295 1541 ἄλλη

103 1572 210 1651 ὁδός,
234 1572 319 1636 ὥστε
344 1575 384 1650 μὴ
409 1572 493 1635 πάνυ
518 1573 613 1649 ἐγγύς
633 1575 689 1635 τού
707 1573 832 1650 τείχους
850 1570 947 1648 ἄγειν.
971 1571 1053 1634 Χου.
1068 1571 1142 1654 Oyr.
1156 1571 1185 1634 V
1197 1571 1228 1653 4,
1241 1572 1295 1634 41.

230 1681 320 1744 Haeo
344 1681 396 1743 lex
425 1701 488 1744 non
517 1679 674 1743 refutatur
701 1671 871 1763 perpaucis
899 1679 987 1760 Ιοοίο,
1024 1679 1077 1760 qui
1107 1677 1295 1747 abhorrent:

105 1788 141 1850 εἰ
173 1791 252 1864 γοῦν
276 1808 324 1864 τις
348 1792 454 1870 χρῷτο
479 1793 523 1871 τῷ
548 1786 688 1870 ἀργυρίῳ
714 1787 797 1866 ὥστε
820 1786 994 1864 πριάμενος
1012 1785 1082 1849 οἷον
1099 1786 1227 1863 ἑταίραν
1244 1787 1296 1849 διὰ

69 1887 71 1894 ’
105 1895 241 1972 ταύτην
265 1894 374 1957 κάκιον
399 1896 455 1971 μὲν
479 1895 515 1957 τὸ
540 1898 634 1972 σῶμα
658 1893 733 1971 έχοι,
764 1893 873 1957 κάκιον
898 1895 932 1956 δὲ
957 1895 1015 1970 τὴν
1038 1895 1154 1971 ψυχὴν,
1186 1893 1295 1957 κάκιον

105 2004 154 2064 δὲ
179 2003 237 2066 τὸν
261 2000 359 2077 οἶκον,
383 2005 454 2078 πῶς
479 2001 519 2064 ἂν
543 2000 588 2064 έτι
611 2002 649 2064 τὸ
668 1999 822 2079 ἀργύριον
839 2000 926 2092 αὐτῷ
943 2000 1108 2078 ὠφέλιμον
1125 2000 1187 2077 είη;
1211 2001 1294 2063 Xen.

109 2109 198 2173 Oee.
225 2112 253 2189 1,
273 2109 324 2172 13.
372 2108 400 2171 εί
416 2129 463 2184 τις
482 2109 540 2184 τὴν
556 2111 691 2183 γυναῖκα
710 2110 767 2185 τὴν
784 2109 847 2185 σὴν
864 2106 949 2170 ούτω
966 2106 1193 2185 θεραπεύσειεν
1211 2106 1295 2170 ὥστε
1378 2193 1381 2200 Ι

110 2221 230 2294 φιλεῖν
255 2217 355 2293 αὐτὴν
379 2218 501 2292 μᾶλλον
526 2215 690 2292 ποιήσειεν
715 2215 830 2278 ἑαυτὸν
854 2215 872 2292 ἢ
897 2215 943 2289 σέ,
968 2211 1017 2292 ἆρ’
1036 2213 1075 2277 ἄν
1099 2229 1138 2277 σε
1154 2220 1191 2297 τῇ
1208 2215 1294 2292 εὐερ-

112 2325 214 2406 γεσίᾳ
238 2323 336 2405 ταύτῃ
361 2321 533 2400 εὐφράναι;
557 2321 640 2384 Xen.
666 2321 739 2404 Oyr.
765 2322 793 2382 V
816 2321 849 2405 5,
865 2323 908 2384 30
933 2321 987 2400 (ef.
1013 2321 1088 2403 Vb,
1105 2322 1147 2383 29
1173 2328 1204 2384 et
1227 2322 1247 2384 3
1272 2323 1294 2400 λ.

112 2430 205 2494 πάνυ
237 2430 324 2513 αὐτῷ
354 2429 456 2492 ἐδόκει
487 2430 673 2505 θαυμαστὸν
703 2427 792 2504 εἶναι,
828 2429 854 2492 εἰ
885 2429 914 2492 οἱ
944 2430 1000 2506 μὲν
1026 2427 1181 2507 βάναυσοι
1204 2428 1295 2492 ἴσασι

114 2542 177 2614 τῆς
208 2538 325 2601 ἑαυτοῦ
356 2537 471 2614 τέχνης
501 2536 636 2613 ἕκαστος
667 2540 733 2598 τῶν
763 2536 937 2614 ἐργαλείων
966 2536 1005 2598 τὰ
1030 2535 1180 2612 ὀνόματα,
1217 2535 1234 2598 ὁ
1260 2536 1294 2598 δὲ

115 2646 303 2723 στρατηγὸς
328 2642 433 2720 οὕτως
458 2645 584 2721 ἠλίθιος
605 2643 713 2706 έσοιτο
738 2645 822 2706 ὥστε
846 2643 904 2706 οὐκ
928 2643 1048 2707 εἴσοιτο
1067 2646 1132 2705 τῶν
1149 2639 1204 2719 ὑφ’
1223 2643 1294 2705 ἑαυ-

116 2758 166 2835 τῷ
189 2751 357 2830 ἡγεμόνων
381 2752 420 2814 τὰ
445 2751 595 2829 ὀνόματα.
632 2751 713 2814 Χοιι.
739 2749 813 2833 Cyr.
839 2751 866 2812 V
890 2751 921 2831 3,
939 2751 992 2814 47.
1046 2750 1228 2825 ἐλογίζοντο
1259 2751 1294 2812 δὲ

117 2860 232 2922 καὶτὸ
256 2859 386 2922 ἱππικὸν
411 2859 456 2935 ὡς
480 2861 517 2921 τὸ
542 2843 609 2935 μὲν
623 2859 799 2922 ἀντίπαλον
816 2859 908 2932 πολὺ,
932 2859 968 2921 τὸ
993 2860 1028 2920 δὲ
1052 2858 1159 2920 αὑτῶν
1184 2842 1294 2933 ὀλίγον

116 2965 176 3043 εἴη,
200 2967 237 3028 τὸ
262 2967 297 3028 δέ
327 2966 485 3043 μέγιστον,
511 2965 559 3028 ὅτι
584 2967 613 3028 οί
638 2967 744 3043 νεκροὶ
769 2966 900 3048 ὑπὸιτῷ
925 2966 1019 3042 τείχει
1044 2965 1172 3039 έκειντο,
1208 2966 1293 3027 ὥστε

120 3073 197 3135 οὐδὲ
221 3073 399 3150 κρείττοσιν
423 3071 496 3135 ούσι
522 3072 573 3134 διὰ
597 3073 674 3149 τοὺς
698 3071 762 3135 ἀπὸ
787 3075 851 3135 τῶν
875 3072 1007 3149 πύργων
1029 3072 1140 3153 ῥᾴδιον
1157 3071 1204 3149 εἴη
1222 3070 1293 3134 ἀνε-

121 3180 241 3242 λέσθαι.
277 3179 359 3242 Xen.
385 3179 468 3244 Hell.
493 3179 543 3241 ΙΙΙ
566 3180 597 3262 τ’),
615 3180 667 3243 23.
727 3179 864 3242 ἐνταῦθα
888 3181 925 3257 δὴ
950 3181 1007 3243 τὸν
1033 3180 1136 3257 Κῦρον
1159 3179 1293 3254 γελάσαι

117 3307 152 3348 τε
177 3286 302 3348 έκ-τῶν
327 3285 510 3363 ἔμπροσθεν
535 3287 682 3364 δακρύων
706 3288 756 3349 καὶ
781 3286 880 3350 εἰπεῖν
904 3287 991 3369 αύτῷ
1008 3291 1137 3365 θαρρεῖν
1159 3273 1293 3361 ἀπιόντι,

121 3391 169 3456 ὅτι
193 3393 350 3471 παρέσται
375 3393 485 3469 αὐτοῖς
510 3393 621 3469 ὀλίγου
646 3395 774 3472 χρόνου,
799 3393 883 3456 ὥστε
908 3394 987 3472 ὁρᾶν
1004 3393 1127 3458 ἐξέσται
1144 3394 1203 3457 κᾶν
1221 3393 1292 3472 βού-

122 3503 212 3577 ληται
236 3499 484 3577 ἀσκαρδαμυκτί.
521 3501 603 3564 Xen.
629 3501 703 3584 Oyr.
729 3502 743 3564 I
767 3502 798 3582 4,
816 3501 869 3564 28.

229 3606 327 3670 Vides
351 3607 383 3670 in
407 3608 565 3672 sententia
590 3609 795 3673 consecutiva
825 3607 959 3671 eundem
989 3608 1117 3671 modum
1146 3609 1291 3692 usurpari

120 3720 216 3795 atque
240 3713 273 3776 in
296 3715 454 3778 sententia
479 3713 698 3795 anteeedeote‚
725 3722 837 3795 quater
861 3713 1048 3797 optativum,
1074 3716 1170 3778 semel
1195 3716 1291 3779 futuri

120 3819 339 3884 indicativum.
386 3821 543 3898 Quoniam
568 3828 674 3884 autem
699 3821 833 3904 simplex
858 3822 1019 3904 optativus
1035 3842 1194 3902 nunquam
1220 3821 1292 3885 ‘nisi

121 3927 280 3992 sententia
304 3927 455 4010 primaria
478 3929 548 4013 ipsa
572 3929 716 4011 optativa
740 3927 802 3991 est'
828 3928 956 4007 (Seume
980 3950 1010 4012 p.
1035 3929 1078 3992 43
1103 3949 1149 4010 sq.
1175 3935 1292 3993 eetero-

120 4054 188 4097 rum
213 4033 402 4116 scriptorum
426 4036 576 4108 nonnulla
600 4036 747 4119 exempla
772 4036 877 4116 affert)
906 4037 1073 4117 invenitur,
1110 4035 1175 4099 ‘ille
1204 4043 1292 4120 opta-

121 4142 178 4205 tivi
203 4147 275 4224 post
299 4140 477 4224 optativum
500 4141 596 4225 positi
621 4163 696 4206 usus
719 4149 873 4206 monstrat
904 4145 1153 4227 comparativam
1185 4165 1292 4208 eonse-

122 4248 218 4312 eutivi
250 4247 335 4310 ὥστε
365 4247 629 4329 significationem
659 4271 678 4314 a
703 4250 835 4314 Graecis
864 4270 989 4333 semper
1018 4259 1176 4314 servatam
1207 4252 1292 4315 esse'

122 4353 249 4432 (Seume
273 4377 304 4438 p.
329 4355 396 4434 48).
443 4353 566 4419 Εούοιιι
590 4355 684 4420 modo
713 4357 800 4420 illum
829 4357 925 4420 futuri
956 4356 1164 4421 indicativum
1194 4359 1292 4443 expli-

123 4459 258 4526 candum
282 4482 351 4527 ease
375 4466 462 4548 puto.
510 4461 599 4541 Quae
626 4463 791 4528 modorum
821 4465 1007 4530 assimilatio
1037 4465 1133 4530 etiam
1162 4465 1194 4529 in
1224 4485 1291 4531 sen·
