3132 5116
755 407 930 464 ,34-

258 589 342 656 ὥστε
371 591 514 670 ἀνάγκην
544 591 624 656 εἶναι
656 590 789 670 φεύγειν
819 592 898 669 ταχὺ
930 591 1007 668 τοὺς
1037 589 1102 654 ἀπὸ
1133 593 1198 654 τῶν
1229 590 1336 654 οἰκιῶν
1360 589 1437 674 Cyn.

261 700 324 763 VII
347 697 379 781 5,
396 699 449 763 23,

365 807 397 870 2.
436 827 502 871 aor.
527 806 583 871 inf.
631 809 663 888 α)
693 813 765 890 post
794 826 897 891 praes.
928 805 993 870 ind.
1025 807 1192 870 λείπουσιν
1221 807 1250 869 οἱ
1282 805 1437 885 βάρβαροι

262 913 399 992 ἀμαχητὶ
424 915 481 978 τόν
505 915 637 993 μαστόν,
668 913 752 977 ὥστε
777 915 963 990 θαυμαστόν
986 917 1066 977 πᾶσι
1090 914 1239 989 γενέσθαι
1262 913 1365 977 Anah.
1390 913 1438 976 IV

261 1023 363 1103 2,15.
413 1023 443 1101 β)
473 1027 545 1106 post
569 1021 693 1104 imperf.
718 1021 795 1084 ἔνθα
819 1023 858 1098 δὴ
888 1021 918 1084 oi
947 1020 1162 1085 ἀνοσιώτατοι
1191 1021 1355 1099 ἔσφαττον
1385 1021 1437 1083 καί

260 1130 342 1206 πρὸς
367 1133 436 1206 τοῖς
460 1128 574 1206 ίεροῑς·
611 1127 688 1192 ὥστ’
713 1128 819 1205 ένίους
844 1129 985 1191 καὶτῶν
1014 1127 1052 1190 οὐ
1082 1128 1289 1205 τυπτομένων
1317 1126 1437 1205 ἀδημο-

262 1239 358 1313 νῆσαι
382 1235 440 1313 τὰς
462 1235 569 1314 ψυχάς
594 1235 677 1298 Heli.
695 1235 740 1299 IV
757 1235 787 1316 4,
801 1234 832 1298 3.
858 1234 980 1318 Cyneg.
1000 1236 1028 1316 1,
1045 1233 1095 1297 17.
1142 1236 1174 1314 γ)
1198 1239 1270 1318 post
1286 1253 1351 1298 aor.
1368 1232 1436 1297 ind.

264 1341 383 1420 Ἀχαιοί
406 1343 483 1420 τοὺς
508 1342 658 1419 ἐποίκους
683 1341 880 1420 προύδοσαν,
913 1340 997 1404 ὥστε
1021 1341 1198 1404 ἀπολέσθαι
1222 1341 1330 1404 αὐτῶν
1353 1343 1438 1418 πρὸς

258 1449 471 1527 ἑπτακοσίους
497 1449 584 1512 Ηοίί.
603 1449 618 1511 Ι
634 1450 665 1530 2,
686 1449 734 1512 18.
759 1449 791 1511 II
807 1449 838 1530 4,
859 1450 909 1512 11.

366 1557 397 1620 3.
432 1555 513 1640 perf.
539 1555 691 1639 (p1·.)inf.
739 1556 771 1634 α)
801 1561 874 1639 post
902 1575 1007 1638 praes.
1037 1554 1102 1619 ind.
1127 1556 1277 1633 παίοντες
1302 1555 1436 1633 ἐκπλήτ-

259 1679 375 1727 τουσιν
402 1663 486 1726 ὥστε
511 1663 700 1740 τεταράχθαι
724 1665 774 1725 καὶ
799 1662 993 1726 κινδυνεύειν
1017 1662 1056 1726 R.
1074 1682 1145 1744 equ.
1165 1663 1215 1743 10,
1233 1664 1264 1726 2,
1310 1664 1340 1742 β)
1363 1668 1438 1745 post

259 1771 385 1854 imperf.
413 1771 572 1848 Κλέαρχος
596 1770 735 1847 ἤλαυνεν
760 1771 810 1833 ἐπὶ
834 1771 910 1846 τοὺς
937 1771 1102 1847 Μένωνος,
1126 1767 1203 1833 ὥστ’
1229 1771 1369 1846 ἐκείνους
1387 1770 1436 1832 ἑκ-

260 1881 441 1955 πεπλῆχθαι
466 1879 515 1939 καὶ
540 1877 639 1941 αὐτὸν
665 1877 804 1940 Μένωνα
827 1879 877 1939 καὶ
902 1877 1024 1955 τρέχειν
1048 1877 1099 1940 ἐπὶ
1122 1877 1161 1939 τὰ
1186 1875 1271 1940 ὅπλα
1294 1876 1398 1940 Anah.
1420 1877 1436 1939 I

259 1985 363 2065 5,13,
389 1984 421 2047 ΙΙ
437 1984 468 2065 4,
486 1983 539 2047 26.
586 1985 617 2063 Υ)
642 1989 714 2066 post
738 2003 803 2047 aor.
826 1983 891 2046 ind.
916 1984 1133 2062 ἐλοιδόρησεν,
1157 1983 1241 2048 ὥστε
1265 1986 1323 2048 τόν
1343 1983 1435 2062 Ἀρά-

261 2107 350 2155 σπαν
453 2089 657 2155 ἀπολωλέναι
681 2098 726 2174 τῷ
751 2092 844 2175 φόβῳ
869 2090 943 2174 Gyr.
968 2092 1012 2155 VI
1038 2091 1133 2173 1,35.
1181 2093 1211 2172 ό)
1236 2097 1308 2174 post
1331 2091 1435 2174 plusq.

264 2200 365 2276 Κῦρος
391 2199 470 2276 ταχὺ
496 2202 564 2274 τοῖς
587 2198 768 2275 ἡλικιώταις
785 2199 999 2276 συνεκέκρατο
1016 2197 1100 2262 ὥστε
1117 2199 1241 2276 οἰκείως
1259 2203 1436 2262 διακεῖσθαι

261 2304 336 2388 Cyn.
362 2306 376 2366 Ι
400 2305 466 2387 4,1

369 2411 522 2477 Videmus
546 2412 644 2495 igitur
668 2411 824 2476 infinitivo
841 2411 926 2476 ὥστε
950 2413 1107 2496 particula
1131 2411 1313 2475 introducto
1338 2412 1435 2475 etiam

261 2515 517 2583 consecutionem
541 2521 573 2583 in
597 2520 683 2584 facto
711 2521 847 2604 positam
878 2519 1012 2604 exprimi
1041 2525 1137 2601 atque
1165 2540 1229 2583 non
1259 2520 1371 2602 solum,
1408 2519 1435 2582 si

260 2627 418 2690 sententia
443 2629 647 2691 consecutiva
672 2647 743 2691 eum
767 2627 977 2691 antecedente
1001 2627 1185 2710 pronomine
1209 2626 1260 2690 vel
1282 2624 1435 2689 adverbio

261 2733 510 2798 demonstrativo
534 2735 709 2818 praemisso
734 2735 833 2798 artius
857 2734 1017 2816 cohaeret,
1047 2732 1103 2798 scd
1128 2734 1234 2815 etiam,
1265 2734 1291 2796 si
1316 2732 1436 2795 nullum

260 2841 327 2904 fere
350 2841 510 2904 vinculum
536 2843 661 2906 exsistit
685 2843 767 2905 intel·
790 2848 956 2922 utramque
980 2842 1179 2922 sententiam,
1203 2840 1250 2903 ita
1269 2847 1304 2902 nt
1321 2841 1353 2902 in
1371 2838 1436 2902 edi·
1551 2847 1552 2856 ’

261 2948 345 3011 tione
370 2947 595 3012 Tcubneiiana
619 2948 747 3030 quidem
771 2949 936 3032 permultis
960 2948 1039 3012 locis
1070 2948 1156 3030 (Cyn
1182 2947 1265 3028 Vi),
1282 2947 1336 3010 40.
1373 2946 1435 3008 VII

264 3054 1228 3136 12.45,,23Ηο11.11ί,,434,1,9λιωίι9
1232 3052 1435 3134 ,ΙΙ311.

260 3163 547 3244 4,26,ΙΙΙ4,.22
573 3160 1312 3245 1V7,17.V118,2.3npna0225,o.
1340 3158 1434 3242 12,5.

261 3268 383 3352 Cyneg.
409 3271 459 3352 13,
479 3271 533 3350 17)
564 3271 615 3334 vel
645 3269 817 3334 semicolon
846 3276 982 3353 ponatur
1011 3275 1084 3332 ante
1115 3269 1304 3333 sententiam
1329 3286 1435 3332 conse-

262 3376 411 3441 eutivam.

369 3484 480 3565 Neque
510 3489 616 3547 tamen
646 3482 810 3547 modorum
844 3502 934 3546 nsum
963 3480 1144 3565 Xenophon
1174 3481 1304 3565 sprevit,
1340 3481 1434 3545 immo

261 3590 389 3674 saepius
412 3588 515 3654 modis
539 3610 634 3671 quam
658 3589 813 3654 infinitivo
837 3609 912 3654 usus
936 3596 1000 3654 est:

367 3696 473 3779 Atque
497 3697 656 3761 invenitur
680 3696 764 3761 ὥστε
788 3697 946 3780 particula
971 3716 1041 3760 cum
1065 3695 1169 3759 modis
1195 3695 1365 3759 coniuncta

369 3807 400 3883 a)
435 3804 620 3887 pronomine
644 3804 695 3868 vel
720 3802 873 3868 adverbio
904 3802 1153 3866 demonstrativo
1183 3802 1358 3886 praemisso
1387 3801 1436 3865 his

261 3911 356 3975 locis:

371 4020 399 4080 1.
432 4021 540 4101 'praes
564 4016 629 4080 ind.
681 4019 714 4096 α)
749 4023 821 4100 post
850 4036 955 4099 praes.
985 4015 1051 4079 ind.
1082 4018 1210 4079 πιθανοὶ
1240 4013 1345 4092 οὕτως
1376 4015 1435 4079 εἰσί
1551 4099 1552 4104 ¹

262 4146 346 4202 τινες
371 4126 456 4187 ὥστε
480 4126 556 4201 πρὶν
580 4124 695 4187 εἰδέναι
720 4125 757 4187 τὸ
781 4123 1067 4201 προσταττόμενον
1090 4123 1249 4200 πρότερον
1273 4122 1435 4186 πείθονται
1551 4113 1552 4194 J

263 4231 336 4315 Oyr.
362 4231 394 4294 ΙΙ
418 4232 450 4313 2,
470 4232 510 4293 19
546 4230 637 4313 [VIII
662 4230 692 4312 8,
718 4229 781 4312 10],
828 4230 911 4294 Heli.
936 4230 982 4292 VI
1005 4230 1036 4312 3,
1056 4230 1107 4294 16,
1154 4228 1434 4311 Oomm.112,3.

265 4339 341 4404 Oce.
361 4340 389 4420 1,
403 4339 457 4401 22.
481 4338 535 4420 21,
549 4338 580 4401 3,
605 4338 704 4402 Conv.
721 4338 752 4420 2,
765 4338 819 4400 20.
843 4337 875 4419 4,
888 4336 942 4400 35.
967 4337 998 4419 4,
1012 4337 1064 4400 36,
1089 4337 1120 4418 4,
1138 4336 1191 4400 38,
1215 4337 1247 4418 4,
1260 4336 1313 4399 38.
1338 4336 1370 4418 4,
1382 4335 1434 4398 48.
1551 4327 1552 4404 ί

262 4444 349 4509 Ηίοι·.
370 4445 465 4527 1,13.
483 4446 513 4526 3,
527 4443 558 4508 5,
576 4443 697 4529 Cyneg.
717 4446 768 4527 10,
784 4445 822 4507 17
831 4467 839 4525 3
861 4449 934 4528 post
950 4444 1139 4508 sententiam
1156 4442 1431 4525 interrogativam:
