3132 5116
245 1105 339 1190 Apud
365 1105 536 1170 Homerum
570 1105 654 1168 ὥστε
687 1089 864 1189 particulae
897 1105 961 1170 vim
995 1105 1246 1189 comparativam
1280 1111 1311 1168 et

17 1253 18 1266 ι
131 1213 297 1277 causalem
332 1213 436 1277 inesse
471 1212 549 1276 satis
585 1218 720 1276 constat.
779 1212 949 1297 (Exempla
984 1212 1113 1296 collegit
1146 1212 1311 1276 Fellmann

17 1349 18 1368 ι
130 1343 165 1404 u·
193 1321 214 1384 5
239 1321 321 1401 sqq-r

244 1427 377 1491 Duobus
401 1432 523 1492 tantum
546 1427 626 1491 locis
649 1426 733 1490 ὥστε
763 1426 922 1510 particula
952 1446 1023 1491 cum
1053 1425 1208 1490 infinitivo
1239 1446 1310 1490 con-

17 1529 18 1536 '
131 1533 246 1598 iuncta
269 1540 332 1598 est:

183 1639 243 1706 Od.
269 1642 319 1723 17,
336 1642 379 1705 20
425 1641 549 1718 οὐγὰρ
574 1641 624 1704 ἐπὶ
649 1645 819 1719 σταθμοῖσι
843 1642 948 1719 μένειν
973 1641 1017 1704 ἐτι
1041 1641 1169 1717 τηλίκος
1194 1640 1254 1718 εἰμί
1311 1704 1313 1708 r

428 1745 505 1811 ὥστ’
531 1749 758 1832 ἐπιτειλαμένῳ
782 1749 959 1827 σημάντορι
983 1748 1089 1812 πάντα
1112 1749 1260 1811 πιθέσθαι

229 1851 265 1919 ll.
290 1856 322 1937 9,
338 1856 381 1918 42
428 1857 454 1919 εἰ
478 1857 513 1918 δέ
537 1857 591 1919 σοὶ
615 1856 702 1940 αὐτῷ
726 1857 825 1934 θυμὸς
855 1856 1030 1919 ἐπέσσυται
1060 1854 1144 1918 ὥστε
1174 1857 1310 1930 νέεσθαι,

349 2007 353 2014 -
429 1962 529 2040 ἐρχεο.

133 2069 198 2134 His
227 2070 306 2134 locis
336 2069 561 2135 consecutivae
592 2071 835 2134 constructionis
865 2054 988 2134 initium
1018 2089 1087 2134 esse
1118 2068 1310 2134 censendum

133 2178 264 2260 putavit
286 2177 417 2242 Classen
443 2178 560 2256 (annal.
585 2176 662 2261 phil.
690 2177 774 2241 1869
799 2199 829 2261 p.
854 2177 932 2256 303)
957 2182 1053 2258 atque
1082 2175 1214 2240 eandem
1243 2196 1310 2239 sen-

134 2285 270 2348 tentiam
295 2289 405 2348 contra
428 2283 606 2366 Lehrsium,
641 2284 694 2365 qui
719 2282 773 2363 (tle
797 2283 973 2348 Aristarchi
997 2282 1080 2347 stud.
1105 2283 1233 2347 Homer.
1258 2281 1308 2346 ed.

135 2391 169 2454 2.
193 2401 225 2474 p.
240 2391 315 2472 157)
340 2390 450 2454 horum
475 2391 615 2455 locorum
639 2391 774 2455 alterum
798 2390 902 2471 eiecit,
927 2391 1061 2454 alterurn
1085 2391 1230 2472 mutavit,
1255 2389 1308 2453 de-

17 2583 18 2588 *
136 2495 240 2560 fendit
264 2497 379 2562 Seume
402 2519 434 2581 p.
453 2499 504 2561 13.

244 2603 323 2667 Mihi
353 2603 481 2686 quidem
511 2604 664 2687 probatur
688 2624 727 2668 ea
750 2603 952 2687 significatio²
989 2624 1083 2685 quam
1113 2605 1230 2668 Seume
1259 2603 1309 2668 his

136 2711 217 2774 locis
245 2712 422 2795 particulae
452 2711 536 2775 ὥστε
567 2711 670 2776 inesse
700 2712 767 2775 vult
796 2711 844 2775 ‘ut
871 2711 947 2793 fere,
983 2717 1018 2774 ut
1042 2711 1179 2793 quodam
1202 2710 1307 2792 motio,

17 2815 18 2838 ³
136 2819 200 2881 wie
223 2817 329 2900 etwa',
366 2838 448 2899 quae
472 2817 584 2882 eodem
609 2825 656 2882 est
680 2825 777 2900 atque
804 2819 837 2881 in
865 2818 1170 2902 comparationibus3
1206 2837 1308 2899 neque

137 2931 245 2988 tamen
273 2932 407 3006 utroque
436 2926 506 2989 loco
536 2946 663 2989 sensum
693 2925 839 2988 infinitivi
869 2945 938 2988 esse
969 2925 1205 2989 consecutivum
1238 2945 1312 3006 con·¹

17 3055 18 3112 ι
137 3030 277 3095 tendam.
324 3033 493 3096 Diversam
523 3053 592 3097 esse
622 3031 842 3097 condicionem
865 3034 1028 3113 utriusque
1053 3033 1115 3095 loci
1139 3031 1253 3095 Seume
1275 3037 1310 3100 et

138 3140 208 3223 ipse
232 3141 398 3220 concessit,
427 3160 498 3203 eum
523 3138 605 3203 dixit
630 3142 673 3223 (p.
701 3141 753 3219 12)
778 3140 810 3202 in
835 3139 871 3202 ll.
897 3139 927 3202 9.
944 3140 987 3201 42
1012 3139 1096 3202 ὥστε
1120 3139 1308 3222 particulam

138 3245 241 3309 omitti
263 3245 415 3330 potuisse,
441 3245 526 3327 quod
551 3247 581 3310 in
607 3246 667 3311 Orl.
687 3248 738 3328 11,
756 3248 798 3309 20
822 3246 890 3310 fieri
906 3267 968 3309 uon
984 3255 1102 3330 posset.
1149 3245 1308 3308 Infinitivo

139 3353 285 3416 πιθέσθαι
320 3373 446 3417 sensum
483 3355 719 3417 consecutivum
755 3353 858 3417 inesse
893 3358 1042 3437 apparet3
1079 3352 1119 3415 (le
1154 3352 1309 3415 infinitivo

140 3459 267 3522 νέεσθαι
291 3466 397 3524 autem
414 3460 455 3524 ab
472 3461 647 3524 ἐπέσσυται
663 3459 822 3545 pendente
839 3459 900 3524 hoe
917 3459 1233 3522 animadvertendum
1250 3467 1308 3522 est.

245 3567 424 3645 ἐπέσσυμαι
441 3568 599 3651 siguificat
620 3567 768 3649 incitari,
793 3567 978 3652 properare’
995 3574 1091 3648 atque
1108 3567 1310 3648 coniungitur

141 3693 210 3737 cum
234 3695 309 3738 casu
334 3675 482 3757 locativo,
509 3695 570 3757 quo
594 3675 663 3738 finis
686 3673 879 3759 properandi
903 3678 1099 3758 exprimatur
1122 3694 1172 3736 ex.
1191 3695 1218 3736 c.
1235 3673 1309 3749 ἀγο-

141 3782 235 3858 ρήνδε
259 3783 433 3864 118298.
458 3783 555 3860 νῆάοε
581 3776 641 3846 orl.
661 3783 711 3864 13,
727 3782 778 3845 19.
804 3783 942 3860 νομόνοε
966 3783 1003 3845 ΙΙ.
1023 3782 1073 3864 18,
1087 3782 1162 3844 676.
1187 3781 1310 3844 Eodem

140 3886 233 3951 modo
249 3887 424 3970 infinitivis,
450 3891 503 3971 qui
518 3888 720 3953 inveniuntur
741 3890 779 3952 Il.
797 3891 850 3970 21,
864 3890 926 3952 601
954 3889 972 3952 ὁ
992 3886 1019 3951 o’
1034 3889 1195 3952 ἐπέσσυτο
1209 3891 1310 3952 ποσσὶ

141 3994 264 4059 διώκειν
288 4001 320 4059 et
343 3997 380 4060 ΙΙ.
398 3998 428 4078 9,
446 3998 511 4061 398
536 3998 697 4060 ἐπέσσυτο
722 3999 821 4075 θυμὸς
840 3996 970 4074 ἀγήνωρ
987 3998 1122 4075 κτήμασι
1139 3998 1310 4074 τέρπεσθαι

142 4101 231 4164 tinem
255 4103 391 4168 actionis
415 4105 549 4188 exprimi
574 4103 669 4168 docet
693 4104 729 4167 ll.
754 4105 785 4186 6,
803 4105 865 4167 361

244 4209 305 4287 ἤδη
330 4211 390 4289 γάρ
416 4232 468 4289 μοι
492 4213 592 4289 θυμὸς
617 4211 791 4275 ἐπέσσυται
815 4208 891 4290 ὄφρ’
912 4209 1069 4289 ,ἐπαμύνω

245 4316 401 4396 Τοώεσσ’,
432 4320 462 4382 οἳ
486 4316 552 4397 μέγ’
578 4319 664 4398 ἐμεῖο
688 4320 793 4396 ποθὴν
817 4317 976 4395 ἀπεόντος
1001 4318 1140 4396 ἔχουσιν,
1175 4319 1229 4381 ubi
1253 4339 1310 4401 pro

141 4421 293 4486 infinitivo
318 4425 475 4488 sententia
498 4424 601 4488 finalis
625 4432 740 4488 exstat.
788 4423 1001 4500 Quamobrem
1025 4423 1070 4486 illi
1095 4444 1220 4505 quoquc
1244 4423 1310 4486 inti·
