3132 5116
729 381 885 434 bg..

223 561 305 644 tulit,
330 561 508 628 oratoribus
524 561 640 626 Atticis
665 560 793 644 quidem
817 561 1034 640 usitatissima,
1060 559 1146 644 apud
1163 561 1303 643 tragicos
1319 567 1392 644 pod-

223 677 273 734 tas
297 674 328 733 ct
352 670 539 751 antiquioris
562 689 676 754 prosae
700 669 852 754 orationis
876 669 1046 752 scriptores
1069 667 1187 732 frustra
1211 666 1331 748 quaeri.

331 777 388 841 His
411 777 594 862 praemissis
617 777 681 840 iam
705 775 746 840 ad
771 795 826 840 cos
849 774 1021 859 scriptores
1037 773 1200 855 accedam,
1225 793 1304 856 quos
1320 774 1395 839 ube-

223 885 287 947 rius
311 883 388 947 mihi
411 882 597 948 tractandos
619 883 785 968 proposui3
810 888 907 964 atque
931 902 1002 946 eum
1026 880 1169 945 ordinem
1190 881 1334 962 servabo,
1359 887 1397 944 ut

223 991 325 1074 primo
348 990 419 1054 loco
444 1010 482 1054 ea
506 990 654 1075 exempla
677 1009 867 1068 enumerem,
904 1007 986 1070 quae
1009 987 1095 1052 finali
1125 1007 1218 1052 sensu
1247 987 1396 1071 praedita

224 1117 293 1161 esse
320 1096 397 1160 mihi
427 1095 592 1178 videntur,
629 1094 745 1160 deinde
769 1101 910 1160 statuere
940 1095 1089 1176 conabor,
1126 1114 1208 1175 quae
1237 1093 1333 1158 fuerit
1361 1094 1395 1157 in

224 1203 389 1267 sententiis
419 1204 630 1268 consecutivis
659 1203 755 1267 solius
785 1202 931 1267 infinitivi
960 1202 1134 1286 provincia,
1170 1208 1329 1287 postremo
1354 1200 1396 1265 de

224 1310 270 1374 eis
295 1311 545 1374 enuntiationum
568 1309 738 1392 generibus
762 1331 867 1392 agam,
902 1309 957 1374 ubi
986 1315 1019 1373 ct
1046 1308 1218 1373 infinitivus
1248 1315 1279 1373 et
1308 1307 1395 1373 modi

223 1417 303 1480 finiti
328 1418 360 1481 in
383 1437 474 1481 usum
498 1423 663 1481 vocantur.

331 1523 452 1600 Quodsi
475 1524 508 1588 in
531 1525 686 1608 exemplis
710 1522 937 1589 distribuendis
961 1524 1057 1608 paulo
1081 1523 1227 1588 subtilius
1251 1529 1396 1588 versatus

224 1650 293 1694 sum
323 1637 419 1712 atque
448 1651 510 1695 non
540 1631 641 1695 solum
670 1630 835 1696 modorum
866 1637 972 1696 varias
1007 1630 1125 1695 formas
1160 1629 1301 1712 distinxi,
1337 1629 1396 1694 scd

226 1738 323 1801 etiam
347 1738 609 1822 interpunctionis
631 1739 786 1804 rationem
810 1739 917 1822 habui,
953 1739 1017 1804 noli
1041 1744 1154 1826 putare
1177 1759 1228 1803 me
1251 1739 1325 1804 huic
1350 1738 1396 1803 di-

226 1845 387 1909 stinctioni
410 1847 542 1909 multum
567 1846 720 1928 tribuere,
755 1867 858 1928 neque
882 1852 987 1910 tamen
1016 1846 1194 1911 arbitrabar
1223 1845 1397 1927 quidquam

226 1951 542 2036 praetermittendum
573 1972 652 2035 esse,
689 1953 774 2035 quod
804 1953 846 2018 ad
877 1973 967 2018 usum
999 1952 1201 2021 statuendum
1234 1954 1396 2040 pertinere

226 2078 320 2142 posse
344 2058 514 2123 videretur.
579 2054 584 2063 “
