3132 5116
640 378 814 432 -21..

249 560 279 624 3.
327 579 367 625 ex
392 559 440 624 ὅτι
466 559 702 624 coniunctione:

249 667 337 731 εἶπεν
361 667 409 732 ὅτι
433 668 452 746 ἡ
477 669 570 745 πόλις
594 672 692 746 σφῶν
716 669 902 745 τετείχισται
926 669 985 746 ἤδη
1011 667 1095 732 ὥστε
1118 669 1209 746 ίκανὴ
1234 667 1314 732 εἶναι

137 779 258 860 σῴζειν
282 777 358 853 τοὺς
383 775 588 852 ἐνοικοῦντας
619 775 633 838 I
658 775 755 855 ont.
809 777 859 839 καί
884 780 1060 854 μεμνῆσθαι
1084 777 1143 854 χρὴ
1168 776 1249 854 ἡμᾶς
1267 776 1315 838 ὅτι

136 885 260 947 νεωστὶ
283 881 348 946 ἀπὸ
373 884 474 946 νόσου
500 882 638 960 μεγάλης
664 883 879 960 καὶπολέμου
906 883 1004 961 βραχύ
1022 905 1051 946 τι
1077 885 1315 962 λελωφήκαμεν,

138 989 228 1054 ὥστε
253 992 302 1053 καί
327 991 465 1068 χρήμασι
490 991 540 1053 καὶ
564 994 633 1066 τοῖς
657 990 806 1068 σώμασιν
831 989 985 1067 ηὐξῆσθαι
1002 991 1047 1053 VI
1066 991 1116 1072 12,
1137 993 1164 1054 1.
1190 991 1238 1055 De
1252 991 1315 1055 VII

137 1098 230 1179 423
255 1119 284 1161 ν.
309 1117 341 1180 p.
366 1096 423 1161 58.

250 1203 279 1285 f)
304 1202 483 1268 Infinitivus
507 1224 578 1267 cum
603 1204 687 1268 ὥστε
712 1204 898 1268 coniunctus
934 1203 1116 1287 explicandi
1153 1224 1250 1268 causa
1273 1202 1315 1267 ad

138 1331 314 1395 pronomen
339 1311 622 1374 demonstrativum
647 1310 696 1374 vel
722 1311 953 1375 substantivum
978 1309 1120 1375 accedit:

250 1419 472 1497 διαφερόντως
497 1421 547 1482 καὶ
572 1419 645 1481 τόδε
670 1417 783 1496 ἔχομεν
808 1418 893 1481 ὥστε
909 1421 1031 1496 τολμᾶν
1054 1439 1088 1481 τε
1105 1419 1135 1481 οί
1152 1419 1243 1481 αὐτοὶ
1261 1417 1316 1495 μά-

141 1531 237 1590 λιστα
253 1528 303 1608 καὶ
320 1528 391 1604 περὶ
408 1525 454 1589 ὧν
471 1527 715 1604 ἐπιχειρήσομεν
732 1526 949 1600 ἐκλογίζεσθαι
974 1526 1005 1587 II
1018 1526 1072 1606 40,
1086 1526 1116 1588 3.
1142 1526 1204 1588 VII
1216 1525 1269 1605 48,
1284 1526 1315 1589 3.

250 1634 444 1712 χρησάμενοι
468 1639 506 1716 τῇ
532 1633 714 1715 άνθρωπείᾳ
731 1631 828 1712 φύσει
850 1631 934 1696 ὥστε
957 1633 1075 1710 ἑτέρων
1100 1631 1209 1712 ἄρχειν
1234 1633 1315 1714 Ito,

141 1741 173 1804 3.
198 1741 296 1822 tqt.

251 1851 285 1930 g)
316 1849 496 1913 Infinitivus
525 1869 591 1912 rem
628 1848 787 1932 exprimit,
824 1867 906 1929 quae
939 1847 1089 1928 consequi
1125 1853 1230 1931 potest
1265 1846 1315 1910 vel

143 1957 263 2040 potuit:
987 1945 989 1951 ¹

250 2068 318 2140 τοῖς
343 2063 456 2141 ὅπλοις
482 2064 589 2126 αὐτῶν
612 2065 663 2126 καί
686 2069 731 2147 τῷ
754 2064 866 2140 πλήθει
890 2062 1114 2140 ὑπερφέρομεν
1150 2061 1234 2125 ὥστε
1258 2065 1316 2140 τὴν

146 2175 206 2248 γῆν
242 2175 342 2253 δῃοῦν
378 2170 608 2249 ἐπιφοιτῶντες
638 2170 652 2232 I
678 2170 774 2250 81,1.
833 2170 895 2247 ἕως
929 2170 969 2232 άν
992 2171 1029 2232 τὸ
1065 2174 1171 2247 τεῖχος
1205 2170 1316 2233 ίκανόν

143 2276 267 2354 ἄρωσιν
292 2277 376 2340 ὥστε
400 2277 621 2355 ἀπομάχεσθαι
647 2278 661 2340 Ι
685 2277 782 2357 003.
841 2278 1008 2359 ἐτειχίζετο
1044 2276 1103 2338 οὖν
1139 2275 1224 2339 οὕτω
1260 2277 1316 2342 Ξὺν

144 2391 189 2468 τῷ
213 2385 372 2462 πρότερον
395 2386 477 2461 πρὸς
502 2385 633 2462 ἤπειρον
657 2384 832 2462 ὑπάρχοντι
861 2385 954 2461 τείχει
977 2383 1075 2464 ὥστεΙ
1097 2385 1316 2460 καθεζομένων

144 2491 177 2568 ἐς
202 2492 281 2554 αὐτὸ
298 2491 479 2569 ἀνθρώπων
496 2491 615 2566 ὀλίγων
632 2491 741 2569 άρχειν
758 2495 814 2554 τοῦ
832 2490 954 2553 ἐσπλου
969 2491 1048 2554 VIII
1062 2490 1114 2571 90,
1128 2492 1158 2553 4.
1185 2491 1199 2553 Ι
1216 2491 1269 2572 36,
1285 2493 1315 2554 2.

144 2598 196 2679 50,
210 2599 240 2661 3.
265 2599 361 2680 ι’)4,2.
408 2599 480 2662 Huc
515 2598 681 2662 referenda
711 2618 780 2661 esse
804 2604 881 2682 puto
910 2598 1006 2660 etiam
1030 2597 1062 2660 II
1086 2597 1174 2679 tuo
1200 2604 1231 2660 et
1256 2598 1317 2660 VII

144 2704 732 2789 dtmmmupffimffi

252 2810 372 2888 Quodsi
388 2811 542 2875 infinitivo
560 2832 599 2876 ea
615 2811 665 2876 vis
681 2813 772 2894 inest,
795 2819 829 2876 ut
845 2832 921 2892 rem,
940 2831 1021 2893 quae
1039 2813 1187 2892 consequi
1205 2813 1315 2894 possit,

146 2919 312 3002 exprimat,
338 2919 432 2982 facilc
457 2919 660 3001 Intellegitur,
687 2941 742 2983 cur
765 2925 830 2983 tam
855 2940 926 2982 raro
950 2920 1081 2984 verbum
1106 2920 1263 2982 δύνασθαι
1286 2919 1317 2981 ίη

146 3027 309 3090 sententiis
342 3027 382 3090 ab
402 3053 403 3058 ¹
420 3026 504 3090 ὥστε
534 3025 746 3110 pendentibus
771 3032 926 3091 occurrat.
973 3027 1055 3092 Nam
1080 3025 1166 3110 apud
1191 3025 1318 3109 Thucy-

146 3131 251 3196 didem
276 3132 404 3215 quidem
428 3154 489 3196 uno
520 3133 590 3197 loco
619 3133 680 3198 hoc
709 3134 840 3199 uerbum
864 3135 1036 3200 invonitur:
1062 3141 1098 3217 τῇ
1124 3133 1202 3216 ὀργῇ
1233 3131 1318 3196 οὕτω

147 3244 266 3324 χαλεπῇ
292 3241 406 3318 ἐχρῆτο
431 3241 464 3318 ἐς
488 3241 611 3318 πάντας
634 3241 754 3320 ὁμοίως
771 3241 855 3304 ὥστε
873 3242 993 3320 μηδένα
1010 3241 1166 3303 δύνασθαι
1190 3240 1318 3316 προσιέ-

147 3367 196 3410 ναι
219 3347 235 3409 I
262 3348 334 3428 130,
360 3349 390 3428 2,
427 3348 481 3411 ubi
504 3349 603 3413 rerba
623 3348 708 3411 ὥστε
732 3349 851 3426 μηδένα
868 3348 1025 3410 δύνασθαι
1042 3347 1209 3425 προσιέναι
1234 3346 1319 3409 idem

147 3454 251 3517 valent
275 3460 373 3536 atque
397 3454 481 3518 ὥστε
501 3457 610 3533 μηδενί
628 3456 777 3520 ἐξουσίαν
795 3453 874 3518 εἶναι
892 3455 1068 3532 προσιέναι.
1108 3453 1200 3530 Quod
1215 3473 1319 3516 exem-

147 3560 230 3644 plum
255 3582 292 3625 eo
316 3563 420 3644 magis
444 3562 604 3644 singulare
629 3571 686 3644 est,
713 3561 797 3643 quod
821 3563 906 3625 nullo
931 3560 994 3624 alio
1018 3562 1089 3624 loco
1106 3559 1318 3645 Thucydideo

147 3666 331 3732 adverbium
356 3668 639 3732 demonstrativum
663 3667 836 3750 antecedit,
873 3669 926 3733 ubi
952 3667 991 3732 de
1022 3688 1055 3731 re
1085 3669 1201 3750 egitur⁷
1237 3687 1319 3749 quae

147 3795 256 3838 revera
281 3777 484 3857 consequitur
508 3777 559 3840 vel
584 3783 755 3840 consecuta
780 3783 828 3840 est
851 3814 894 3820 —
923 3797 996 3839 nam
1032 3775 1187 3839 infinitivo
1224 3775 1319 3839 δύνα-

148 3887 219 3944 σθαι
244 3883 499 3947 conseeutionem
523 3883 556 3946 in
580 3883 666 3947 facto
686 3884 822 3967 positum
840 3881 975 3966 exprimi
992 3889 1136 3966 apparet.
1184 3883 1320 3966 Saepius

148 3994 250 4052 autem
285 4009 348 4052 non
381 3989 555 4073 praemisso
591 3989 778 4074 pronomine
813 3991 863 4054 vel
895 3989 1047 4054 adverbio
1071 3988 1320 4053 demonstrativo

148 4093 225 4160 haec
260 4097 309 4160 vis
344 4096 498 4161 infinitivo
534 4097 626 4160 inest,
685 4096 774 4173 Quae
810 4098 957 4180 exempla
995 4097 1041 4160 ita
1076 4097 1251 4180 seiungam,
1287 4103 1322 4160 ut
1352 4106 1354 4109 ’

149 4201 277 4267 afferam

253 4312 285 4390 a)
309 4311 415 4394 priore
432 4312 502 4376 loco
521 4331 570 4394 ea,
587 4313 619 4374 in
637 4312 751 4393 quibus
768 4311 950 4376 consecutio
967 4311 1108 4393 sequitur
1124 4311 1322 4392 sententiam,

149 4436 227 4497 quac
250 4438 313 4484 non
337 4424 386 4482 cst
408 4419 456 4482 sui
480 4418 571 4482 iuris:
598 4418 628 4482 οἱ
648 4417 910 4496 Πελοποννήσιοι
935 4418 1254 4496 προσπληρώσαντες
1276 4418 1321 4481 ἐτι
