3132 5116
749 360 923 420 ugo-2

251 536 321 612 loeo
346 540 518 612 infinitivus
543 539 638 610 saturi
663 565 703 612 ex
727 546 901 612 indicativo
926 543 1022 612 futuri
1043 541 1195 612 orationis
1211 547 1318 612 reatae
1335 543 1424 612 ortus

251 675 320 719 esse
343 654 420 718 mihi
445 653 585 734 videtum
611 675 684 717 nam
701 654 797 718 futuri
814 654 1023 720 indicativum
1039 655 1249 719 antecedente
1266 655 1421 720 adverbio

251 761 499 826 demonstrativo
530 761 628 842 (οὕτω
653 777 691 824 σε
715 761 854 825 ἀσθενέα
878 763 1013 840 ποιήσω,
1038 763 1122 826 ὥστε
1147 766 1203 825 τοῦ
1229 766 1343 826 λοιποῦ
1369 765 1423 826 καὶ

250 869 398 945 γυναῖκές
416 883 453 931 σε
470 869 628 945 εὐπετέως
653 869 689 932 τὸ
714 869 792 944 γόνυ
817 869 855 931 οὐ
882 870 1053 948 βρέχουσαι
1071 871 1291 949 διαβήσονται)
1315 890 1422 934 rarum

251 996 319 1040 esse
343 996 438 1058 supra
463 977 506 1058 (p.
524 975 566 1038 δι’)
583 976 644 1056 sq.)
669 976 916 1039 commemoravi
941 982 1037 1057 atque
1062 975 1178 1040 Seume
1202 977 1271 1060 ipse
1296 996 1423 1057 quoque

251 1080 548 1166 (ponteonem.
596 1083 696 1145 Immo
732 1081 765 1145 in
801 1081 945 1146 oratione
981 1089 1069 1148 reeta
1104 1082 1323 1165 exspectanda
1353 1091 1423 1148 erat

250 1189 422 1254 infinitivus
445 1188 622 1273 praesentis
646 1190 696 1260 vei
720 1190 828 1252 aoristi
853 1188 952 1268 (οὕτω
977 1204 1014 1252 σε
1038 1188 1177 1252 ἀσθενέα
1193 1191 1320 1268 ποιήσω
1338 1190 1423 1254 ὥστε

181 1345 186 1353 .
250 1300 307 1360 τοῦ
338 1299 452 1359 λοιποῦ
482 1297 532 1359 καὶ
561 1296 714 1373 γυναῖκάς
744 1311 782 1358 σε
810 1296 969 1373 εὐπετέως
999 1297 1035 1360 τὸ
1064 1297 1142 1372 γόνυ
1174 1298 1211 1360 οὐ
1243 1297 1423 1377 βρεχούσας

251 1405 420 1484 διαβῆναι),
446 1423 538 1484 quom
563 1403 739 1467 invenimus
764 1403 949 1487 saepissime
972 1405 1100 1468 notione
1125 1404 1221 1468 futuri
1244 1403 1433 1488 praeditum

250 1511 405 1594 imprimis
439 1517 612 1594 praeeunte
648 1510 752 1573 futuro
788 1509 930 1574 of.He1·.
956 1511 971 1572 I
998 1511 1059 1574 116
1084 1512 1147 1587 ἐγω
1170 1515 1271 1575 ταῦτα
1294 1513 1424 1589 ποιήσω

251 1617 335 1681 ὥστε
359 1619 397 1680 σὲ
421 1619 471 1680 καὶ
496 1618 553 1680 τὸν
578 1621 678 1680 παῖδα
700 1619 758 1681 τὸν
782 1619 843 1681 σὸν
867 1619 966 1694 μηδὲν
990 1619 1222 1697 ἐπιμέμφεσθαι
1251 1618 1326 1681 Her.
1352 1619 1367 1680 I
1392 1619 1423 1681 9.

250 1725 296 1789 IV
315 1725 387 1788 136.
427 1725 639 1806 Negationem
664 1725 702 1787 οὐ
727 1730 833 1788 autem
857 1725 945 1788 etin
969 1726 1112 1788 oratione
1135 1732 1223 1790 reeta
1248 1735 1279 1788 et
1301 1725 1332 1788 in
1355 1747 1424 1790 ora-

250 1834 335 1895 tione
360 1832 489 1913 obliqua
512 1832 553 1895 ob
578 1851 648 1895 eam
672 1851 802 1896 eausam
825 1833 963 1915 positam
988 1852 1057 1896 esse
1081 1839 1168 1916 puto,
1205 1852 1299 1914 quam
1330 1832 1425 1896 affert

254 1938 407 2003 Sohaefei·
432 1941 473 2018 (v.
499 1937 614 2003 Seume
638 1961 669 2022 p.
687 1924 757 2019 62):
784 1938 836 2003 ‘oia
861 1940 907 2003 sio
931 1940 1059 2021 tuearis,
1083 1947 1118 2003 ut
1134 1939 1224 2004 dieas
1241 1941 1307 2003 eius
1323 1939 1425 2002 notio-

253 2066 325 2110 nem
360 2065 431 2109 oum
465 2046 593 2109 notione
629 2046 789 2127 sequentis
824 2046 985 2129 partieipii
1016 2047 1205 2112 ooalesoere.
1264 2047 1348 2111 Sane
1384 2047 1424 2109 οὐ

256 2153 434 2232 βρεχούσας
458 2154 494 2216 τὸ
519 2153 597 2228 γόνυ
626 2152 704 2216 nihii
733 2152 820 2217 aliud
849 2160 896 2217 est
925 2174 1019 2235 qnam
1054 2153 1214 2233 ἀβρόχους
1249 2155 1286 2217 τό
1322 2152 1426 2229 γόνυ’.

254 2259 378 2324 Eadem
412 2260 535 2324 ratione
564 2258 756 2343 explicanda
780 2266 840 2324 est:
876 2262 902 2324 εἰ
926 2262 961 2323 δέ
984 2282 1031 2339 τις
1057 2261 1155 2324 οἴεται
1180 2262 1279 2324 αὐτὸν
1303 2261 1425 2338 ἐλέγχε-

255 2373 329 2430 σθαι
358 2368 429 2444 περλ
459 2370 515 2429 τοῦ
545 2367 710 2445 δαιμονίου
741 2368 950 2445 ψευδόμενον,
986 2367 1174 2444 ἐννοησάτω
1205 2372 1334 2446 πρῶτον
1367 2370 1425 2445 μέν

256 2474 304 2537 ὅτι
328 2473 432 2550 οὕτως
456 2474 516 2551 ἤδη
540 2475 612 2537 τότε
636 2475 748 2552 πόρρω
771 2479 827 2552 τῆς
852 2475 973 2552 ἡλικίας
998 2474 1037 2552 ἦν
1062 2472 1139 2537 ὥστ’
1165 2475 1191 2538 εἰ
1215 2477 1264 2538 καὶ
1286 2477 1325 2553 μὴ
1343 2475 1426 2550 τότε,

255 2581 313 2644 οὐκ
337 2581 376 2644 ἀν
400 2584 511 2665 πολλῷ
541 2580 678 2658 ὕστερον
706 2585 893 2658 τελευτῆσαι
917 2583 974 2645 τὸν
999 2583 1077 2661 βίον.
1114 2581 1208 2664 [Xon.
1234 2583 1353 2647 Comm.
1378 2583 1425 2645 IV

256 2689 286 2769 8,
306 2687 345 2769 1.]
393 2688 499 2752 Verba
523 2689 561 2750 οὐ
585 2692 696 2772 πολλῷ
721 2687 858 2766 ὕστερον
882 2691 928 2752 ita
953 2689 1198 2769 eohae1·e1·e,·ut
1221 2688 1307 2753 idem
1330 2690 1428 2772 signi-

253 2794 348 2858 ficent
373 2793 458 2876 quod
481 2795 579 2879 ὀλίγῳ
605 2794 751 2873 ὕστερον,
774 2816 867 2860 nemo
890 2797 1066 2879 negaverit.

360 2903 573 2984 Negationem
603 2905 642 2981 μὴ
672 2904 710 2966 οὐ
740 2910 811 2987 post
844 2904 1029 2986 negativum
1064 2904 1195 2967 verbnm
1230 2900 1427 2987 impediendi

254 3009 408 3093 usurpari,
433 3009 486 3073 ubi
511 3016 619 3073 nostra
641 3010 751 3092 lingna
773 3012 945 3093 negatione
968 3031 1031 3074 non
1055 3011 1163 3093 utitur,
1188 3031 1283 3094 supra
1307 3013 1351 3093 (p.
1368 3011 1425 3090 46)

255 3116 509 3180 commemoravi.
572 3117 635 3180 Pro
665 3117 800 3200 siniplioi
829 3118 1000 3200 negatione
1029 3117 1135 3200 posita
1164 3123 1212 3182 est
1239 3125 1311 3200 post
1341 3116 1427 3180 ὥστε

255 3223 491 3286 oonseontivnm
516 3222 628 3287 eadem
652 3225 775 3287 ratione
799 3245 861 3305 qua
878 3225 910 3288 in
926 3225 997 3289 aliis
1014 3225 1193 3288 sententiis:
1219 3225 1302 3287 πολὺ
1320 3221 1347 3287 δ’
1366 3224 1427 3301 οὐχ

255 3328 325 3392 οἶόν
352 3350 384 3392 τε
409 3335 595 3412 μετακινεῖν,
621 3330 705 3394 ὥστε
729 3333 769 3408 μὴ
796 3331 866 3409 οὐχὶ
890 3337 946 3408 τῆς
971 3333 1184 3409 δημοκρατίας
1214 3331 1364 3410 ἀφαιρεῖν
1388 3352 1427 3394 τι.

255 3437 336 3499 Xen.
361 3436 422 3520 Rp.
447 3436 521 3499 ath.
546 3438 577 3519 3,
595 3438 625 3500 8.
